1530 2382
389 182 469 223 106

498 177 562 220 III.
578 175 702 234 Abſch.
712 185 784 221 von
794 177 985 231 Anlegung
995 182 1069 222 und
1083 174 1297 229 Gruͤndung

379 281 605 331 werksgeraͤthe
620 280 745 330 gekoſtet
759 281 814 330 hat
831 284 894 320 und
904 280 964 327 daß
978 291 1053 320 man
1066 281 1157 330 ihnen
1171 280 1217 318 die
1231 279 1337 327 uͤbrige

381 343 489 389 Helfte
504 347 578 386 nach
594 347 658 381 und
672 345 746 384 nach
761 344 817 381 alle
831 343 939 391 Jahre
953 349 1053 380 etwas
1074 344 1210 391 weniges
1231 342 1337 390 bezah-

381 403 432 442 len
449 404 538 453 laͤßt;
564 405 667 444 indem
682 413 757 443 man
768 407 900 447 dadurch
910 404 958 442 ein
973 401 1076 444 Recht
1088 404 1228 452 behalten
1242 404 1336 451 wird,

380 463 445 513 auf
445 463 675 513 unordentliche
682 464 810 516 Wirthe
819 464 1026 514 aufmerkſam
1035 475 1070 510 zu
1080 464 1159 510 ſeyn,
1159 464 1222 510 daß
1230 466 1267 509 ſie
1276 469 1336 504 das

379 525 703 574 Handwerksgeraͤthe
716 529 797 571 nicht
810 527 984 574 veraͤußern
1008 525 1133 573 duͤrfen.
1170 524 1280 563 Wenn
1298 527 1338 573 ſie

377 598 448 626 nun
472 587 689 633 ſolchergeſtalt
704 599 742 636 zu
764 590 898 628 arbeiten
919 591 953 628 in
978 588 1099 629 Stand
1126 587 1238 636 geſetzet
1252 588 1338 636 ſind;

378 650 411 695 ſo
431 648 546 692 muͤſſen
570 647 606 694 ſie
622 660 715 698 gegen
736 651 873 700 kuͤnftige
892 651 1084 700 Bezahlung
1103 651 1162 689 mit
1176 653 1270 687 denen
1291 660 1339 688 er-

378 709 443 754 ſten
457 706 666 747 Materialien
680 711 819 757 verſehen
832 716 966 757 werden,
991 723 1046 749 um
1066 713 1131 760 ihre
1150 711 1260 751 Arbeit
1279 721 1338 750 an-

379 768 499 816 fangen
522 779 558 816 zu
578 769 716 816 koͤnnen,
742 774 847 807 davon
874 770 935 807 wir
956 770 1081 818 ſogleich
1102 771 1157 818 bey
1178 771 1337 819 Gelegen-

378 830 444 880 heit
462 835 515 871 des
530 830 861 884 Manufacturhauſes
880 833 913 872 in
937 832 1078 883 mehrern
1099 831 1233 882 handeln
1255 841 1336 870 wer-

379 899 451 934 den.
500 895 632 939 Endlich
646 897 721 935 aber
737 898 817 935 wird
840 905 873 935 es
888 897 998 946 noͤthig
1015 897 1095 944 ſeyn,
1120 894 1181 943 daß
1202 893 1248 933 die
1266 892 1335 934 Re-

376 958 511 1004 gierung
525 958 623 995 einem
630 959 714 1002 jeden
728 958 840 1004 einzeln
849 957 983 1004 Meiſter
996 963 1060 995 und
1069 957 1336 1005 Manufacturier

379 1018 427 1052 die
441 1019 535 1060 erſten
550 1022 574 1052 6
588 1018 694 1064 Jahre
709 1018 783 1053 uͤber
798 1019 845 1055 ein
862 1019 1000 1063 gewiſſes
1014 1019 1193 1064 Praͤmium
1211 1027 1273 1055 vor
1285 1018 1335 1055 ein

377 1077 460 1122 jedes
483 1074 594 1117 Stuͤck
612 1075 841 1128 Seidenzeug,
866 1076 952 1122 Tuch
974 1081 1037 1117 und
1051 1076 1131 1126 feine
1146 1077 1336 1126 Leinewand,

373 1140 422 1178 die
450 1143 526 1183 nach
546 1140 731 1188 Vorſchrift
753 1146 804 1180 der
825 1140 1033 1191 Reglements
1059 1141 1238 1191 verfertiget
1260 1139 1338 1186 ſind,

377 1201 556 1248 auszahlet,
580 1202 699 1250 ſowohl
724 1214 780 1241 um
802 1204 874 1249 dieſe
895 1203 1029 1250 Meiſter
1043 1217 1079 1252 zu
1095 1207 1173 1251 deſto
1191 1204 1334 1254 mehrern

376 1261 470 1304 Fleiß
485 1270 521 1302 zu
536 1267 728 1305 ermuntern,
754 1263 806 1297 als
824 1264 917 1308 ihnen
938 1269 994 1301 den
1010 1266 1165 1311 Anfangs
1186 1266 1333 1312 theurern

376 1318 461 1366 Lohn
480 1322 530 1354 der
549 1315 738 1365 Spinnerey
759 1319 943 1366 uͤbertragen
959 1332 994 1366 zu
1015 1322 1127 1368 helfen.
1179 1324 1230 1361 Es
1252 1327 1333 1363 wird

373 1389 479 1428 genug
493 1378 574 1425 ſeyn,
582 1387 674 1415 wenn
689 1379 726 1426 ſie
740 1386 800 1417 vor
812 1380 894 1424 jedes
908 1379 1017 1420 Stuͤck
1031 1380 1239 1431 Seidenzeug,
1248 1382 1335 1428 Tuch

374 1446 441 1481 und
455 1440 535 1490 feine
550 1439 727 1481 Leinewand
736 1451 816 1490 zwey
826 1440 964 1493 Rthaler
983 1441 1163 1493 Praͤmium
1184 1445 1334 1496 bezahlet;

374 1510 441 1545 und
462 1515 553 1545 wenn
577 1516 653 1545 man
675 1506 852 1555 annimmt,
879 1506 941 1555 daß
961 1517 1025 1547 von
1046 1507 1159 1555 ſolchen
1179 1521 1333 1558 neuange-

373 1569 491 1617 henden
514 1568 799 1617 Manufacturiers
821 1570 950 1619 jaͤhrlich
971 1583 1068 1618 4500
1085 1572 1195 1611 Stuͤck
1216 1571 1333 1617 verfer-

375 1630 455 1678 tiget
481 1635 621 1668 werden:
647 1631 678 1676 ſo
699 1636 819 1670 werden
840 1633 942 1681 hierzu
966 1637 1036 1680 drey
1057 1631 1248 1682 Zehentheile
1277 1635 1331 1670 des

374 1690 504 1740 jaͤhrlich
518 1689 709 1736 beſtimmten
723 1692 922 1739 Aufwandes
937 1692 1101 1739 erfordert.
1150 1692 1201 1731 Es
1216 1691 1331 1732 bleiben

376 1753 523 1794 demnach
539 1754 613 1793 noch
624 1755 694 1800 drey
712 1751 952 1804 Zwanzigtheile
967 1761 1029 1791 von
1046 1759 1096 1792 der
1113 1752 1239 1801 jaͤhrlich
1253 1764 1329 1795 aus-

374 1814 571 1865 geworfenen
592 1812 742 1852 Summe
759 1816 871 1864 uͤbrig;
897 1818 961 1852 und
977 1816 1048 1860 dieſe
1063 1814 1179 1862 muͤſſen
1204 1817 1240 1863 zu
1258 1817 1331 1860 Un-

375 1878 556 1926 terhaltung
571 1875 653 1912 eines
668 1874 999 1926 Manufacturhauſes
1009 1879 1182 1915 verwendet
1195 1884 1328 1929 werden,

374 1945 493 1978 wovon
527 1938 588 1980 wir
616 1937 772 1988 nunmehr
801 1946 902 1982 etwas
935 1934 1162 1986 ausfuͤhrlicher
1192 1941 1326 1992 Handeln

374 1998 503 2048 muͤſſen.

1222 2113 1333 2156 Wenn
