1537 2390
409 660 606 749 Erſter
643 664 945 751 Abſchnitt.

634 795 721 833 Von

189 881 273 938 der
298 878 701 949 Nothwendigkeit
728 885 820 938 und
852 886 953 940 dem
976 887 1160 957 Nutzen

280 960 351 1007 der
376 958 714 1020 Manufacturen
739 966 825 1015 und
851 966 1070 1027 Fabriken.

193 1069 453 1366 A

469 1136 503 1172 lle
517 1135 647 1184 Dinge,
673 1137 719 1174 die
733 1140 825 1178 durch
845 1143 900 1175 den
916 1140 1007 1188 Fleiß
1028 1146 1092 1179 und
1112 1145 1154 1183 die

493 1195 746 1244 Geſchicklichkeit
784 1203 834 1239 der
861 1200 1032 1251 Menschen
1067 1206 1155 1256 mehr

490 1259 653 1298 bearbeitet
680 1267 819 1310 werden,
854 1268 998 1307 nachdem
1023 1269 1060 1315 ſie
1090 1264 1153 1321 von

490 1327 541 1360 der
555 1323 682 1371 guͤtigen
699 1324 797 1372 Hand
822 1329 873 1366 der
887 1328 1003 1366 Natur
1026 1331 1152 1378 hervor-

190 1382 334 1430 gebracht
348 1385 423 1431 ſind,
434 1389 498 1421 und
516 1394 599 1431 zwar
615 1386 648 1423 in
667 1391 718 1425 der
731 1387 864 1434 Abſicht,
879 1393 930 1426 der
943 1392 1070 1439 wahren
1086 1398 1157 1431 oder

191 1444 409 1488 eingebildeten
437 1446 648 1491 menſchlichen
675 1447 863 1495 Nothdurft
893 1452 970 1494 deſto
1000 1451 1089 1496 beſſer
1118 1465 1157 1498 zu

192 1503 304 1549 ſtatten
326 1513 362 1548 zu
384 1503 543 1547 kommen,
569 1505 633 1549 ſind
655 1507 687 1541 in
715 1508 955 1554 weitlaͤuftigem
977 1510 1157 1554 Verſtande

192 1561 415 1611 Manufactur
430 1566 496 1598 und
508 1561 808 1607 Fabrikenarbeiten.
855 1565 957 1610 Kurz,
970 1568 1026 1603 alle
1041 1568 1156 1608 Werke

193 1627 244 1662 der
258 1623 363 1671 Kunſt
377 1624 441 1671 ſind
457 1624 489 1661 in
512 1623 722 1671 allgemeinem
741 1624 919 1672 Verstande
939 1630 1087 1666 darunter
1107 1631 1157 1667 be-

191 1686 328 1734 griffen;
365 1690 430 1723 und
454 1695 538 1733 zwar
561 1685 617 1735 hat
645 1688 704 1722 das
725 1684 830 1723 Wort
850 1687 957 1734 Kunſt
976 1689 1041 1737 hier
1066 1690 1155 1730 einen

194 1744 225 1789 ſo
245 1747 494 1796 weitſchichtigen
517 1745 667 1796 Begriff,
700 1746 761 1793 daß
785 1759 860 1786 man
886 1750 931 1787 die
951 1749 1155 1801 Bemuͤhung

194 1806 249 1839 des
262 1808 397 1854 aͤrmſten
416 1817 509 1848 unter
525 1814 581 1848 den
601 1808 803 1858 Landleuten,
835 1816 887 1848 der
908 1810 1018 1857 Reiſer
1038 1812 1157 1857 zuſam-

195 1872 265 1898 men
283 1867 395 1916 bindet,
421 1882 478 1909 um
501 1872 586 1909 einen
606 1870 710 1916 Beſen
732 1874 853 1911 daraus
874 1884 910 1920 zu
931 1875 1064 1914 machen,
1094 1876 1157 1915 mit

195 1923 286 1969 dieſer
293 1924 499 1982 Benennung
513 1933 639 1982 beehren
653 1931 744 1978 muß.
788 1933 844 1982 Jn
859 1933 965 1979 dieſem
973 1932 1156 1982 Verſtande

194 1985 328 2035 gehoͤren
344 1990 486 2034 demnach
501 1995 557 2032 alle
571 1993 784 2041 Handwerke,
822 1997 854 2040 ja
876 1994 933 2032 alle
956 1994 1156 2040 Handarbei-

195 2054 266 2097 ten,
302 2052 450 2095 wodurch
477 2056 523 2093 die
550 2065 616 2098 von
644 2059 695 2092 der
714 2054 831 2094 Natur
860 2055 1156 2106 hervorgebrachten

1166 1151 1260 1182 Begriff
1273 1154 1321 1182 von

1165 1180 1238 1209 denen
1249 1182 1311 1210 Ma-

1165 1211 1299 1234 nufacturen

1165 1236 1208 1261 und
1213 1236 1320 1262 Fabriken

1164 1264 1192 1289 in
1205 1266 1320 1289 weitläuf-

1164 1292 1228 1318 tigen
1247 1294 1292 1316 und

1164 1321 1236 1345 engen
1247 1318 1305 1346 Ver-

1166 1345 1248 1373 ſtande.

671 2115 702 2158 A
731 2128 749 2153 2

1040 2119 1154 2169 Dinge
