1533 2397
312 198 372 234 der
388 186 681 240 Manufacturen
706 190 780 231 und
797 182 986 238 Fabriken.

1078 198 1160 238 105

198 297 270 331 dene
283 287 435 336 Fabriken
450 288 548 337 haben
563 289 635 335 dieſe
650 288 754 335 Regel
773 288 833 325 mit
856 291 951 334 guten
974 284 1096 330 Nutzen
1112 286 1161 322 be-

198 351 317 399 folget;
342 354 406 387 und
421 362 495 389 man
511 352 566 400 hat
580 351 651 389 eben
666 350 757 395 dieſes
768 350 822 396 bey
835 349 913 385 einer
922 345 1160 388 Cammertuch-

197 411 315 461 fabrike
336 411 369 450 in
395 412 585 461 Schleswig
607 409 798 457 beobachtet,
836 410 881 448 die
901 407 1077 456 uͤberhaupt
1099 409 1161 447 mit

199 473 315 522 großer
336 473 491 526 Klugheit
510 473 700 523 eingerichtet
724 473 760 520 iſt
782 476 848 512 und
875 472 920 512 die
939 468 1002 521 ſehr
1017 468 1079 507 viel
1092 479 1162 509 ver-

199 537 325 585 ſpricht.

275 720 440 762 Nachdem
457 717 517 756 wir
533 717 578 757 die
597 715 658 756 Art
673 720 737 755 und
755 715 859 764 Weiſe
879 722 1084 766 vorgetragen
1106 713 1162 764 ha-

198 778 272 826 ben,
272 778 334 826 wie
350 782 394 819 die
409 779 596 829 Regierung
610 781 655 818 die
671 779 906 831 Geſellſchaften
921 790 974 817 am
989 778 1084 825 beſten
1102 787 1158 814 un-

198 843 353 886 terſtuͤtzen
368 842 459 883 kann,
484 842 529 876 die
543 840 696 884 Fabriken
711 840 861 882 anlegen;
889 840 919 883 ſo
941 839 1080 875 kommen
1098 839 1158 873 wir

199 901 375 945 nunmehro
391 897 454 943 auf
468 899 513 934 die
539 896 775 941 Unterſtuͤtzung
798 899 848 931 der
862 896 974 939 einzeln
989 895 1158 942 Manufa-

198 957 333 996 cturiers
354 960 419 995 und
439 955 573 1003 Meiſter
599 956 654 1005 bey
680 961 774 994 denen
796 953 1081 995 Seiden-Wollen
1097 960 1163 994 und

199 1017 571 1069 Leinenmanufacturen,
597 1019 648 1059 als
670 1018 725 1069 bey
746 1018 876 1061 welchen
899 1016 959 1056 wir
980 1017 1025 1058 die
1045 1016 1165 1064 Geſel-¬

200 1082 346 1131 ſchaften,
355 1082 407 1121 als
423 1082 699 1129 Entreprenneurs
709 1081 868 1126 derſelben,
878 1081 960 1121 nicht
970 1090 1028 1118 vor
1037 1081 1165 1123 dienlich

198 1147 330 1185 erachtet
343 1143 451 1189 haben.
478 1142 540 1178 Da
556 1141 621 1187 hier
635 1144 693 1175 das
709 1139 1010 1185 Hauptaugenmerk
1025 1145 1076 1176 der
1090 1140 1161 1178 Re-

199 1204 332 1252 gierung
353 1201 448 1249 dahin
468 1200 610 1249 gerichtet
624 1199 692 1248 ſeyn
714 1198 805 1246 muß,
844 1198 916 1246 dieſe
938 1198 1025 1238 Leute
1045 1199 1079 1238 in
1104 1205 1163 1239 den

201 1262 324 1303 Stand
345 1273 383 1310 zu
408 1263 505 1310 ſetzen,
531 1262 593 1308 daß
613 1264 649 1311 ſie
677 1263 733 1310 ſich
754 1262 838 1311 ſelbſt
859 1262 1000 1312 verlegen
1025 1263 1167 1312 koͤnnen;

201 1324 234 1373 ſo
251 1325 287 1372 iſt
302 1328 360 1366 das
374 1327 465 1375 erſte,
491 1335 562 1367 was
582 1327 619 1375 ſie
640 1326 801 1378 hierinnen
820 1326 901 1376 thun
925 1326 1017 1374 kann,
1044 1327 1106 1375 daß
1126 1328 1165 1374 ſie

201 1388 344 1434 dieſelben
362 1390 421 1427 mit
441 1389 594 1438 Stuͤhlen
620 1394 685 1428 und
705 1389 991 1438 Handwerkszeuge
1006 1400 1042 1436 zu
1056 1388 1168 1428 Ausuͤ-

202 1449 291 1494 bung
301 1450 381 1496 ihrer
390 1449 713 1494 Manufacturarbeit
720 1450 873 1496 verſiehet.
889 1450 1000 1488 Wenn
1008 1461 1083 1486 man
1092 1460 1166 1488 vor-

202 1508 354 1552 ausſetzet,
364 1508 425 1552 daß
435 1513 526 1543 unter
536 1512 592 1544 den
604 1520 649 1547 50
658 1508 831 1553 geſchickten
840 1508 980 1552 fremden
987 1508 1166 1552 Arbeitern,

202 1567 311 1610 welche
326 1566 371 1604 die
384 1565 571 1613 Regierung
586 1566 730 1611 vermoͤge
746 1569 795 1601 der
803 1564 1065 1610 auszuzahlenden
1080 1564 1164 1603 Rei-

204 1627 334 1679 ſekosten
334 1627 468 1679 jaͤhrlich
484 1626 517 1665 in
528 1630 586 1666 das
595 1626 676 1668 Land
690 1625 790 1675 ziehet,
810 1637 855 1674 30
872 1623 1166 1665 Seiden-Wollen-

206 1699 270 1732 und
280 1689 516 1734 Leinenarbeiter
533 1691 618 1738 ſind;
639 1692 703 1727 und
711 1699 802 1727 wenn
818 1699 894 1727 man
913 1687 1085 1730 annimmt,
1102 1686 1166 1733 daß

206 1755 254 1791 ein
264 1754 378 1805 Stuhl
389 1751 460 1801 und
460 1751 786 1801 Handwerksgeraͤthe
794 1761 853 1791 vor
865 1751 950 1790 einen
963 1748 1114 1792 Arbeiter,
1123 1747 1166 1785 ei-

208 1823 267 1851 nen
276 1818 308 1855 in
324 1823 382 1856 das
398 1820 492 1855 andre
505 1819 667 1865 gerechnet,
679 1825 725 1861 50
736 1814 830 1863 rthlr.
846 1813 963 1861 koſtet;
981 1812 1012 1857 ſo
1029 1810 1109 1847 wird
1126 1811 1164 1857 ſie

209 1883 272 1910 nur
282 1880 337 1916 den
348 1880 545 1928 zwanzigſten
555 1876 644 1928 Theil
652 1885 715 1913 von
727 1880 776 1914 der
784 1876 912 1925 jaͤhrlich
921 1871 1166 1920 ausgeworfnen

210 1932 359 1973 Summe
368 1941 476 1990 noͤthig
486 1941 596 1990 haben,
596 1941 652 1990 um
661 1938 731 1985 dieſe
744 1950 789 1986 30
796 1937 937 1979 Arbeiter
947 1933 1047 1972 damit
1053 1945 1089 1982 zu
1098 1945 1168 1977 ver-

211 1994 309 2044 ſehen.
316 1994 366 2034 Es
376 2002 455 2039 wird
464 2001 606 2053 rathſam
606 2001 691 2053 ſeyn,
691 2001 754 2053 daß
762 2012 837 2039 man
851 1999 942 2048 ihnen
953 2005 1014 2033 nur
1029 1996 1074 2048 die
1074 1996 1167 2048 Helft

211 2065 240 2096 te
258 2062 308 2097 der
323 2055 473 2101 Summe
490 2066 626 2115 ſchenket,
637 2070 707 2103 was
723 2067 774 2101 der
787 2059 900 2108 Stuhl
915 2060 982 2107 und
982 2060 1050 2107 das
1050 2060 1167 2107 Hand-

1172 719 1221 747 Auf
1226 723 1275 746 was
1279 719 1326 747 Art

1172 750 1207 775 die
1214 752 1296 776 einzeln

1172 778 1323 802 Manufactu-

1172 807 1228 826 riers
1237 805 1284 826 und

1171 831 1277 855 Meiſters

1170 859 1213 880 von
1219 857 1258 880 der
1263 858 1311 883 Re-

1170 886 1260 912 gierung
1277 887 1305 911 zu

1172 915 1310 937 unterſtützen

1172 936 1226 964 ſind.

678 2122 715 2164 G
743 2136 762 2172 5

1053 2122 1167 2160 werks-
