1756 2440
457 198 769 278 Joannes
779 192 1145 271 Auentinus
1159 192 1477 267 ſtudioſis.

530 276 788 320 Grammatice.
788 276 981 320 Salutem.
981 276 1012 320 et
1021 277 1201 329 ingenuos
1201 277 1350 329 laboꝛes.

321 384 354 433 ¶
354 384 507 433 Quãuis
516 384 629 425 multa
639 385 784 435 variaqꝫ
784 385 810 435 a
819 382 1043 434 doctiſſimis/
1043 382 1091 434 ad
1102 381 1312 433 inſtituẽdos
1321 379 1472 434 pueros/
1472 379 1618 434 rudeſqꝫ

317 439 508 488 conſcripta
517 437 595 488 ſint.
605 435 748 477 Nullus
758 446 876 476 tamen
891 437 1009 480 adhuc
1018 436 1113 487 mihi
1113 436 1255 487 quidem
1266 435 1347 483 ſatis
1358 433 1437 483 facit
1451 441 1617 474 omnino.

319 492 569 537 Quãdoquidẽ
580 489 744 539 cõplura/
755 492 791 540 q̃ꝫ
799 499 867 539 que
876 488 969 538 facile
982 497 1009 536 a
1009 497 1135 537 pueris
1142 496 1174 526 et
1182 488 1331 526 rudibus
1340 487 1467 537 percipi
1486 491 1618 537 queane

319 544 455 584 tradũt.
455 544 514 584 Et
521 554 587 594 que
596 542 660 583 etiã
668 544 793 581 melius
805 549 1002 583 auctoꝛitate
1010 552 1047 580 ac
1054 548 1250 580 imitatione
1261 543 1296 589 q̃ꝫ
1304 547 1466 590 pꝛeceptis
1477 537 1614 583 diſcunt̃

319 596 394 636 Aut
404 596 546 646 ſolidioꝛi
556 597 635 636 etati
646 596 844 643 reſeruanda
856 593 976 644 foꝛent.
976 593 1220 644 Multitudine
1230 589 1285 632 em̃
1295 592 1433 642 ingenia
1443 591 1614 632 obruunt/

321 652 410 689 dum
421 650 509 699 nihil
520 651 798 699 pꝛetermittendũ
812 651 952 696 cenſent.
962 645 1000 695 A
1000 645 1121 695 ſtudio
1130 647 1358 697 grammatice
1370 647 1545 684 deterrent.
1555 641 1616 681 Et

315 711 496 755 (expertus
506 702 652 751 loquoꝛ)
660 702 695 741 in
704 702 937 752 deſperationẽ
948 698 1093 749 ſeducũt.
1093 698 1161 749 Ob
1169 708 1317 738 cõmunẽ
1327 698 1434 748 igitur
1444 696 1617 745 ſtudioſo-

321 757 424 806 rum/
424 757 574 806 pꝛecipue
582 754 810 794 Germanoꝛũ
821 752 1019 792 vtilitatem/
1019 752 1048 792 et
1057 762 1090 799 ꝙ
1099 751 1197 791 om̃is
1206 750 1374 799 inſtitutio
1385 751 1422 797 q̃ꝫ
1431 747 1614 800 facillima/

323 818 402 858 atqꝫ
412 806 607 857 breuiſſima
618 806 677 857 eſſe
685 806 793 846 debet/
807 805 993 857 grãmatice
1002 812 1151 855 pꝛecepta
1162 804 1198 842 in
1208 813 1288 842 eum
1297 803 1417 854 oꝛdinẽ
1417 803 1491 854 (qui
1500 800 1614 851 vulgo

323 875 385 917 per
394 862 533 914 figuras
543 868 707 901 vocatur/
715 870 737 899 t
737 870 762 899 a
771 858 903 905 noſtris
912 859 1077 898 inuentus
1088 854 1148 905 eſt)
1148 854 1304 905 cõpoſui.
1304 854 1398 905 Quo
1410 852 1614 906 vnuſquiſqꝫ

325 921 362 967 q̃ꝫ
374 915 548 967 facillime/
559 922 588 952 et
598 912 698 963 abſqꝫ
707 918 844 962 magno
856 909 979 950 laboꝛe/
987 916 1106 949 cuncta
1115 909 1277 951 inuenire/
1288 907 1486 959 intelligere/
1496 916 1534 946 ac
1543 915 1618 945 me-

323 970 427 1010 moꝛie
436 967 638 1008 cõmendare
649 963 769 1014 poſſit.
778 962 956 1003 Necerubi
967 961 1150 1001 vernacula
1167 960 1288 1012 lingua
1297 960 1414 1011 loqui/
1414 960 1493 1011 cum
1502 960 1535 998 id
1546 959 1617 998 do-

323 1021 495 1072 ctiſſimos
504 1019 631 1071 Jtales
640 1018 743 1067 facere
751 1016 911 1056 videam/
920 1023 952 1054 et
961 1014 1074 1066 ſepius
1084 1002 1222 1063 aliquid
1222 1002 1304 1063 vno
1314 1012 1421 1053 verbo
1437 1011 1615 1052 teutonico

322 1076 424 1114 rudis
435 1071 587 1124 accipiet/
587 1071 688 1124 qnod
700 1068 875 1120 ambages
884 1069 919 1108 in
928 1069 1051 1119 lingna
1061 1067 1170 1106 latina
1181 1067 1288 1106 eidem
1297 1064 1473 1114 obſcurius
1484 1065 1616 1115 facerẽt.

322 1126 480 1178 Periculũ
488 1126 523 1164 in
532 1123 734 1173 huiuſmodi
742 1123 903 1162 traditiõe
913 1121 1041 1160 nimirũ
1050 1119 1202 1168 fecimus.
1212 1118 1323 1158 Nam
1333 1120 1489 1168 pꝛinceps
1499 1125 1615 1157 meus.

323 1179 473 1226 Ceteriqꝫ
480 1178 620 1229 ingenui
628 1185 723 1224 pueri
733 1185 804 1213 mee
813 1173 892 1223 fidei
906 1168 1038 1221 cõmiſſi
1046 1173 1214 1211 continuo
1231 1171 1390 1221 poſteaq̃ꝫ
1403 1170 1544 1210 Donati
1552 1168 1616 1209 ele-

324 1240 442 1272 menta
452 1232 555 1282 legere
567 1229 718 1280 ſcinerãt/
718 1229 787 1280 hoc
796 1234 900 1278 pacto
911 1235 932 1265 a
942 1233 1016 1265 me/
1016 1233 1091 1265 octo
1103 1225 1248 1265 dũtatat
1258 1221 1437 1271 menſibus
1447 1221 1613 1273 inſtituti/

323 1280 531 1324 Grãmatice
539 1283 713 1321 rudimẽta
722 1282 768 1321 ad
778 1289 937 1330 vnguem
946 1277 1080 1327 callent.
1080 1277 1138 1327 Jd
1148 1276 1196 1328 qd'
1206 1275 1296 1316 alias
1305 1277 1361 1320 vix
1370 1276 1516 1316 triennio
1525 1275 1614 1323 adſe-

325 1338 393 1376 cuti
403 1333 559 1386 fuiſſent.
559 1333 636 1386 Sed
646 1343 687 1372 ne
697 1334 781 1381 plus
791 1342 879 1383 equo
891 1329 1069 1381 verboſioꝛ
1069 1329 1152 1381 ſim.
1152 1329 1294 1381 Valete/
1294 1329 1335 1381 et
1335 1329 1413 1381 equi
1424 1327 1557 1381 boniqꝫ
1557 1327 1616 1381 cõ-

324 1386 428 1442 ſulite.
428 1386 633 1442 Monachij
642 1386 737 1425 ludis
746 1384 962 1434 Februarijs.
971 1382 1079 1426 Anno
1088 1382 1222 1432 ſalutis.
1230 1380 1404 1427 M.D.xj.

328 1492 360 1537 ¶
364 1489 609 1540 Quãdoquidẽ
619 1489 712 1535 iuxta
721 1481 826 1535 Sabij
834 1485 993 1535 ſententiã
1002 1485 1036 1525 in
1045 1484 1184 1536 primis/
1184 1484 1224 1536 et
1224 1484 1307 1536 ante
1317 1492 1440 1525 omnia
1448 1481 1547 1534 pueri
1554 1481 1614 1522 de-

326 1529 449 1584 clinare
456 1551 487 1581 et
493 1543 680 1593 coniugare
692 1542 807 1588 diſcere
817 1538 946 1579 debent.
958 1537 1051 1592 Ego
1063 1534 1205 1590 omiſſis
1205 1534 1276 1590 que
1292 1537 1378 1584 nihil
1389 1539 1438 1577 ad
1449 1538 1614 1579 eruditio-

328 1608 407 1637 nem
417 1604 561 1645 pueroꝛũ
570 1595 680 1638 faciũt.
689 1593 749 1633 Ab
754 1599 834 1632 octo
846 1590 1215 1642 partibuſoꝛationibus
1224 1591 1369 1644 incipio/
1377 1589 1471 1642 ſicuti
1480 1588 1615 1639 Dona-

327 1649 390 1702 tus
399 1647 489 1702 fecit/
489 1647 535 1702 et
535 1647 697 1702 Seruius
705 1645 855 1699 pꝛecipit.
