1169 1889
356 139 409 168 102

604 124 688 164 Das
688 124 741 164 10.
741 124 816 164 Cap.
816 124 864 164 der

356 214 453 256 Seel
461 213 521 259 deß
532 210 745 260 Cyprianen.
786 206 866 252 Die
875 206 970 249 Seel
989 215 1025 257 iſt
1038 223 1101 250 nur

356 266 410 312 ein
420 264 542 312 Stuͤck
556 272 608 320 deß
617 271 818 319 Cyprianen/
828 274 892 310 vnd
905 274 984 310 wird
998 272 1102 318 allhier

355 336 419 369 vor
426 331 491 366 den
499 332 635 374 gantzen
644 323 856 373 Menſchen/
856 323 906 373 der
913 328 1101 372 Cyprianus

356 378 478 428 heiſſet/
483 386 673 425 genommen.
698 377 815 425 Jtem:
834 377 943 416 Lucius
952 378 1009 413 kan
1017 378 1102 419 nicht

352 433 501 481 zwiſchen
510 429 613 481 ſeinen
620 427 697 476 vier
716 422 859 483 Pfaͤlen
871 425 970 481 ſicher
983 427 1067 481 ſitzen
1087 435 1108 476 :

356 492 459 540 Seyn
477 489 526 527 die
541 488 607 527 vier
622 484 732 537 Pfaͤle
747 500 809 530 nur
827 496 875 529 ein
895 483 1018 528 Stuͤck
1039 484 1102 537 deß

354 540 522 595 Hauſes/
522 540 588 595 vnd
588 540 672 595 wird
672 540 794 595 allhier/
794 540 866 595 das
866 540 984 595 gantze
984 540 1101 595 Hauß

354 600 542 644 verſtanden.

355 656 426 703 Ehe
433 655 479 700 ich
490 655 623 702 vergeſſe
631 658 704 692 dein/
716 656 782 700 ſol
795 657 847 691 die
858 655 972 691 Natur
983 654 1100 697 verſin-

544 702 612 739 cken

356 750 428 791 Von
436 752 532 795 ſeiner
543 747 775 794 Bronnenfluß
784 752 799 791 /
807 751 862 785 der
870 747 969 793 freche
979 755 1097 795 Pariher

543 794 680 832 trincken

381 839 461 880 Aus
470 843 525 878 der
542 840 737 886 fiſchreichen
744 848 807 883 Aar
814 857 824 879 /
832 844 883 877 die
894 846 927 877 in
941 843 998 877 der
1009 841 1096 879 Gal-

542 887 591 923 len
605 888 701 924 Land

379 933 555 979 Verfuͤhret
561 935 651 978 jhren
657 933 786 972 Strom/
795 933 913 979 durch
927 935 988 970 den
1007 933 1096 980 roht-

540 980 653 1027 gelben
653 980 769 1027 Sand.

351 1025 421 1072 Ehe
429 1025 475 1071 ich
485 1026 620 1072 vergeſſe
628 1030 700 1069 dein
717 1031 730 1069 /
742 1028 825 1072 muß
838 1029 888 1063 die
903 1026 1018 1065 Natur
1033 1025 1095 1073 ſich

538 1075 677 1114 endern/

348 1119 417 1160 Sie
427 1122 510 1164 muß
515 1121 664 1162 verſetzen
673 1117 729 1164 ſich
737 1129 803 1157 aus
811 1122 871 1157 den
880 1121 1091 1167 grundfeſten

534 1168 684 1203 Laͤndern
694 1170 707 1206 /

384 1212 512 1251 Damit
521 1215 576 1251 der
591 1212 706 1258 teuſche
714 1212 784 1250 Cerl
797 1214 848 1249 die
857 1221 949 1259 Tieger
959 1212 1090 1259 ſchlucke

534 1263 584 1295 ein

380 1304 441 1345 So
448 1306 519 1352 jetzt
529 1305 583 1348 bey
592 1304 743 1350 Babylon
759 1307 819 1342 den
831 1305 941 1352 Phrat
957 1306 1090 1353 begruͤſ-

533 1353 574 1395 ſet
585 1352 659 1395 fein.

413 1416 527 1458 Allhier
539 1418 615 1454 wird
628 1423 775 1460 genennet
795 1421 840 1456 die
853 1417 964 1462 gantze
975 1410 1053 1455 Aar
1067 1412 1085 1455 /

338 1479 401 1515 vnd
410 1475 548 1523 verſtehet
561 1477 611 1522 der
619 1477 703 1522 Poet
712 1483 775 1514 nur
783 1470 877 1509 einen
893 1467 997 1520 Theil
1012 1471 1084 1510 der-

335 1526 496 1582 ſelbigen/
507 1535 667 1583 ſintemahl
677 1536 767 1585 dieſes
782 1529 911 1584 Waſſer
923 1534 1085 1575 durchaus

997 1585 1085 1632 nicht
