1198 1751
123 177 257 238 Der
270 161 446 254 Xiij.
446 161 667 254 Pſalm
685 181 705 233 /
727 160 935 234 Uſque

162 260 238 307 quo
249 249 416 290 Domine
425 242 644 291 obliuiſceris
662 250 719 280 me
728 241 767 278 in
775 236 898 286 ſinem.

300 347 360 396 CH
371 344 489 394 HErr
497 341 565 381 wie
575 337 857 388 lang/ machſtu
867 336 940 376 mir

302 396 504 445 bang/ wilt
515 395 607 430 mein
618 392 655 438 ſo
664 398 735 440 gar
754 387 941 437 vergeſſen

303 449 428 487 Deins
459 442 592 487 Alntlitz
610 445 679 486 zier
694 448 703 486 I
736 438 944 483 verbirgſtu

305 493 589 541 mir/ verſuchen
601 494 731 538 macht
747 488 945 537 vermeſſen

138 548 260 588 Mein
270 549 331 594 ſeel
343 546 420 587 vnd
430 544 513 585 leib/
526 552 612 581 mus
623 550 757 590 tragen
768 540 946 581 leidt/ da-

138 598 218 638 von
235 598 409 648 bekuͤmpt
424 593 486 639 der
502 593 655 643 Feyndt
674 590 778 641 groſs
800 589 947 640 freudt/

139 650 233 690 Das
242 647 330 695 thut
342 645 439 693 mich
450 642 585 694 hefftig
596 641 775 684 krencken.

201 746 360 793 Schaw
370 743 464 790 doch
473 743 530 783 die
538 740 732 790 not/ erhoͤr
743 740 842 790 mich
850 741 953 785 Got/

147 796 271 838 Mein
281 803 403 845 augen
414 794 485 841 thu
493 793 716 836 erleuchten/
725 790 817 831 Das
826 791 873 839 ſie
883 794 953 832 mit

146 850 251 892 icht/
268 846 321 888 im
338 847 424 889 todt
441 841 599 895 ſchlaffn
615 841 832 892 nicht/ Den
832 841 957 892 feindt

148 900 261 938 wuͤrd
269 910 310 936 es
320 906 389 946 gut
398 896 568 941 deuchtē/
578 896 724 933 Dauon
734 904 771 930 er
778 904 828 940 jm
838 895 959 939 dieſen

149 950 259 995 rhum
270 957 352 985 nem
364 952 380 987 /
400 948 491 985 Wie
511 956 549 982 er
566 944 665 990 mich
675 945 761 991 hett
761 945 959 991 gemachet

150 994 347 1047 zem/ nach
347 994 409 1047 jm
409 994 515 1047 muͤſt
515 994 580 1047 ich
600 996 699 1043 mich
715 992 870 1033 lencken.

250 1093 335 1146 Ich
346 1092 440 1143 hoff
440 1092 529 1143 aber
539 1094 738 1141 doch/ dein
747 1103 815 1145 guͤt
823 1095 964 1140 wehret

156 1148 271 1195 noch/
284 1145 405 1184 Mein
415 1147 508 1191 hertz
517 1144 626 1191 frewt
635 1145 709 1193 ſich
718 1149 824 1185 deins
833 1147 965 1192 heiles/

158 1199 264 1242 Dich
274 1197 374 1234 Gott
386 1196 482 1235 mein
495 1196 698 1242 Herrn/ wil
709 1196 766 1238 ich
777 1196 865 1241 ſtets
874 1198 966 1237 ehrn

160 1246 293 1296 Erloͤſt
317 1247 383 1285 bin
399 1247 459 1291 ich
478 1248 546 1285 des
564 1245 683 1295 ſeyles.
712 1247 810 1285 Von
826 1249 969 1284 deinem

160 1299 254 1348 troſt
265 1295 345 1345 ſing
345 1295 409 1345 ſich
421 1304 530 1344 gantz
540 1296 735 1345 frey/ Das
747 1300 815 1335 mir
825 1300 967 1335 widder

159 1346 348 1400 geholffen
360 1347 531 1397 ſey/ Von
542 1350 599 1386 dir
610 1347 672 1388 wil
684 1347 745 1395 ich
754 1345 860 1396 nicht
869 1356 977 1388 wen-

165 1400 265 1444 cken.
