1205 1750
343 175 448 216 lieber
465 173 598 214 Kindt
614 175 644 223 je
653 172 772 220 herter
779 171 913 220 ſtraff/

279 229 357 266 Ein
368 225 594 276 ſprichwort
596 228 633 265 in
644 228 705 263 der
715 224 829 263 welte.
843 222 908 262 An

279 282 348 317 mir
365 275 538 323 HERR
556 275 658 315 Gott
668 276 750 313 dein
761 273 908 314 willenn

277 327 423 377 ſchaff/
443 328 519 377 Jm
536 334 624 371 zorn
635 324 733 366 mich
742 334 793 372 ya
802 325 910 370 nicht

101 382 239 431 ſchelte.
251 380 416 419 Wiewol
427 380 485 419 ich
496 376 564 415 viel
581 373 792 424 geſuͤndiget
809 374 909 419 han/

101 433 182 479 fur
197 432 252 467 dir
265 430 384 475 HErr
392 430 493 468 Gott
502 425 733 474 alleine/Jch
744 425 813 462 bitt
824 425 909 470 dich

101 481 218 526 durch
230 484 314 518 dein
323 481 435 517 lieben
447 479 541 517 Son
550 482 565 517 l
581 477 650 514 Du
660 473 767 522 woͤlſt
776 476 911 516 verzei-

101 535 173 579 hen
183 530 279 570 mein
289 530 490 580 miſsthun/
501 528 595 568 Von
605 525 743 576 ſuͤnden
762 523 908 572 waſchē

105 591 223 632 reyne.

217 629 349 679 HAN
365 629 447 675 ichs
463 626 603 667 anders
615 627 668 666 im
691 626 829 673 hertzen
846 632 912 673 ge-

104 683 242 724 meint/
265 680 335 720 Als
346 683 462 719 meine
478 687 576 719 wort
592 687 660 726 ytzt
677 678 817 717 lauten.
838 679 908 716 So

104 731 224 783 ſtraff'
224 731 322 783 mich
335 728 452 775 HErr
461 729 577 774 durch
588 731 675 774 dieſe
685 726 909 777 feynd/ Mit

107 788 229 825 deiner
239 778 422 832 ſcharffen
431 780 567 818 ruthen
584 784 600 818 /
624 778 693 816 Du
702 777 803 824 weiſt
812 776 910 817 mein

104 838 200 882 hertz
210 844 295 874 was
306 832 416 872 darin
426 827 546 876 ſteckt/
557 830 669 873 Dazu
680 828 728 868 all
738 829 834 868 mein
845 836 910 876 ge-

102 885 284 925 dancken/
292 883 361 922 Du
370 880 470 927 weiſt
480 882 554 919 das
565 878 660 925 ſichs
671 879 775 922 nicht
785 880 909 917 weiter

103 934 369 985 ſtreckt/ Mein
379 932 471 974 hertz
479 929 616 968 drumb
624 931 681 969 nie
690 928 764 975 ſich
774 929 845 970 hat
854 936 913 967 er-

105 983 372 1038 ſchreckt/ Von
383 982 523 1019 deinem
536 981 655 1019 Wort
665 980 733 1019 mit
748 976 914 1018 wanckē.

178 1080 340 1131 FR JD
352 1080 497 1128 hab ich
507 1079 602 1124 doch
612 1077 730 1123 allzeit
745 1079 909 1126 geſucht/

111 1133 207 1175 Mit
224 1133 295 1173 alle
306 1135 400 1171 mein
418 1132 686 1171 vorwandten.
712 1128 790 1166 Der
801 1128 914 1168 Anti-

104 1185 216 1232 chriſt
224 1185 295 1225 hat
306 1184 401 1227 mich
412 1182 486 1232 offt
497 1178 832 1229 verflucht/ Durch
841 1178 915 1225 ſich

104 1240 186 1274 und
193 1234 263 1282 ſein
274 1234 484 1282 geſandten.
511 1232 591 1271 Der
602 1229 722 1277 HErr
732 1229 802 1273 hat
813 1229 913 1274 mich

108 1287 200 1330 ſtets
217 1286 291 1325 wol
317 1284 461 1322 bewart
486 1289 501 1323 /
526 1281 718 1326 Erhalten
744 1279 809 1326 bey
827 1278 912 1326 ſeim

108 1341 282 1379 worte/ er
291 1336 374 1373 wirt
383 1345 423 1371 es
442 1332 540 1376 auch
553 1330 650 1376 thun
660 1339 701 1374 zu
713 1327 825 1375 dieſer
825 1327 913 1375 fart

110 1385 236 1424 Mein
245 1389 338 1430 hertz
346 1382 529 1427 verhuͤten
537 1380 599 1430 fur
609 1380 753 1426 vnarth
764 1385 781 1421 /
789 1379 913 1418 Vnnd

104 1435 381 1486 vnſchuͤldigem
400 1434 560 1483 morthe.

580 1482 615 1525 A
643 1493 669 1531 ij
789 1476 915 1528 Reich
