1623 2304
229 204 376 268 klicher
376 204 555 268 ſollicher
565 211 683 269 fünft
683 211 775 269 vnd
786 214 942 272 artzney
942 214 1064 272 deſter
1077 213 1251 261 belderbe

228 260 327 315 richt
327 260 439 315 werd
450 272 493 325 ſo
504 268 633 315 merck
637 272 795 318 ordnūg
805 267 832 313 &
843 274 935 316 titel
944 272 1009 319 vñ
1009 272 1085 319 des
1096 268 1225 321 A.B.c.

578 321 888 372 Abrotanum.

465 376 582 437 Alſo
582 376 710 437 ſoltn
710 376 789 437 den
789 376 917 437 magȇ
917 376 1151 437 erwermen.

228 426 456 486 Abrotanū
456 426 507 486 dz
517 439 561 494 iſt
568 436 761 493 ſtabwurtz
768 435 854 476 mit
862 438 962 477 wein
969 447 1032 480 vñ
1041 439 1168 495 zucker
1182 446 1251 495 ge/

227 491 387 543 ſottēvñ
395 491 606 542 getrunckē
616 486 757 540 macht
765 498 828 532 ein
837 499 991 534 warmē
1000 493 1129 542 magē
1129 493 1199 542 der
1207 507 1247 538 er

227 543 320 587 kalt
330 548 376 602 iſt
382 559 470 590 von
477 549 525 602 dē
537 546 690 602 ſchleim
699 554 711 589 :
721 544 823 604 anch
825 543 976 605 ſeübert
984 544 1029 594 es
1029 544 1111 594 den
1118 545 1251 604 frawē

224 600 307 655 jren
315 600 439 657 fluſs.
441 604 502 658 vñ
511 600 719 658 ſtabwurtz
726 613 802 647 mit
810 599 915 654 wein
915 599 1127 654 getrunckē
1143 601 1247 653 bꝛigt

223 657 321 708 jnen
330 669 365 705 jr
372 655 469 702 zeyt.
469 655 555 702 Der
563 654 690 700 rauch
695 666 782 693 von
789 654 985 707 ſtabwurtz
992 660 1177 696 vertreibt
1183 658 1249 700 die

225 702 413 764 ſchlangē
426 704 558 764 ſpꝛicht
568 704 843 764 Diaſcorides.
835 705 969 769 Jtem
979 710 1030 754 ab
1039 705 1249 766 ſtabwurtz

218 762 453 812 getruncken
459 759 506 820 iſt
506 759 593 820 gůt
601 763 699 810 dem
705 763 775 822 gebiſſen
775 763 945 822 gebiſſen
960 767 1008 822 iſt
1016 777 1105 809 von
1119 766 1251 822 veꝛgif

227 827 297 862 ten
306 823 453 871 tyeren.
464 823 576 868 Mim
587 816 689 866 war:
700 816 887 866 Auicēna
897 819 1038 877 ſpꝛicht
1049 833 1117 865 wa
1134 832 1247 865 man

224 872 472 924 Stabwurtz
481 874 570 940 byn
570 874 833 940 ſtroͤuwet/ da
842 878 967 919 bleibt
976 874 1062 920 kein
1070 877 1246 932 vergifts

224 935 444 978 tyer: dann
454 926 626 975 welches
626 926 686 975 da
697 930 818 971 bleibt
828 930 1005 985 dzſtirbt.
1050 931 1131 985 Jtē
1134 929 1243 985 ſtab/

223 984 343 1035 wurtz
343 984 556 1035 gepuluert
565 990 626 1021 vñ
638 983 719 1021 mit
729 980 835 1028 wein
835 980 1080 1028 getruncken
1095 982 1243 1030 bꝛinget

221 1035 299 1092 den
299 1035 485 1092 frauwen
494 1035 527 1090 jr
534 1037 609 1086 zeit
619 1033 821 1094 menſtruū
821 1033 1003 1094 genant.
1086 1035 1168 1093 Jtē
1168 1035 1241 1093 der

220 1087 354 1143 rauch
354 1087 441 1143 von
449 1088 702 1143 Stabwurtz
719 1094 908 1135 vertreibt
920 1092 985 1145 die
1001 1090 1183 1145 ſchlangē
1194 1096 1242 1136 in

219 1135 312 1199 dem
321 1135 435 1204 hauß
444 1146 595 1202 ſpꝛicht.
595 1146 877 1202 Dyaſcoꝛides.
947 1151 1025 1196 Jtē
1035 1147 1079 1186 oͤl
1088 1147 1144 1185 võ
1147 1147 1243 1211 ſtab

222 1200 349 1251 wurtz
349 1200 531 1251 gemacht
541 1206 629 1242 vnd
642 1204 697 1241 da
706 1207 783 1242 mit
791 1196 923 1244 vnder
923 1196 1022 1244 dem
1039 1199 1238 1249 nabel ge/

221 1254 402 1312 ſchmirbt
412 1250 550 1306 macht
560 1250 737 1306 harnen.

467 1309 585 1370 Dem
585 1309 681 1370 das
681 1309 763 1370 har
763 1309 863 1370 auß
863 1309 973 1370 fellt.

224 1375 345 1418 Jtem
355 1366 543 1423 wermůt
543 1366 727 1423 gesotten
736 1378 779 1411 in
795 1367 920 1418 lauge
929 1371 1011 1413 mit
1025 1368 1236 1423 ſtabwurtz

218 1421 276 1461 da
286 1435 369 1467 mit
376 1424 455 1468 das
466 1420 594 1479 haubt
594 1420 818 1479 geweſchen
824 1424 875 1481 iſt
875 1424 954 1481 gůt
963 1426 1082 1465 wider
1100 1424 1146 1467 dz
1155 1417 1237 1468 har

219 1479 436 1532 außfallen
436 1479 567 1532 genãt
577 1474 792 1533 Allopitia.
861 1480 936 1533 Jtē
947 1473 1092 1528 geiffen
1109 1471 1236 1520 klawē

212 1531 386 1581 gebꝛant
394 1534 451 1582 zů
451 1534 594 1582 puluer
604 1532 656 1587 dz
656 1532 844 1587 gemiſcht
853 1535 900 1583 iſt
911 1538 996 1570 mit
1005 1524 1140 1580 weichē
1149 1528 1239 1585 bech

218 1588 265 1642 iſt
269 1595 348 1638 gůt
357 1595 455 1630 wañ
465 1594 572 1626 man
581 1590 626 1633 dz
634 1585 760 1632 haubt
760 1585 823 1632 da
832 1585 914 1623 mit
926 1578 1082 1639 ſalbet.

417 1633 509 1691 Für
509 1633 574 1691 die
574 1633 669 1691 geel
669 1633 798 1691 ſucht
987 1635 1234 1694 Abſintheũ.

219 1694 335 1750 Jtem
345 1709 422 1743 wer
433 1691 608 1743 wermůt
617 1692 692 1753 faſt
700 1688 842 1753 trinckt
851 1705 891 1753 v.
903 1695 979 1749 tag
979 1695 1083 1749 noch
1097 1707 1233 1758 eman-
