1675 2286
645 320 689 356 19

225 427 285 447 nem
306 418 381 453 Geiſt
401 417 510 453 duften,
541 417 592 443 wie
613 417 679 453 dieſe
696 415 827 446 Kräuter,
853 417 909 443 dem
935 414 1010 449 Geiſt
1034 416 1106 450 jener

227 481 334 517 ſchönen
347 480 482 508 Vorwelt,
502 478 528 504 in
550 479 626 506 deren
640 478 719 507 Sinn
742 482 784 507 der
797 478 908 515 Tempel
928 478 983 515 hier
1003 478 1107 514 gebaut

227 543 266 577 iſt.
285 557 320 563 —
343 542 417 569 Dein
437 539 512 575 Geiſt
537 539 630 575 ſpricht
653 540 681 575 ja
707 542 749 569 die
773 543 871 577 heilige
893 541 1030 578 Ordnung
1058 543 1103 569 der

226 602 377 638 Schönheit
396 610 449 631 aus
470 604 519 631 wie
539 613 573 634 er,
595 605 649 631 und
670 603 703 630 ob
723 604 759 638 ich
780 603 833 637 ihm
854 610 914 630 was
935 605 994 633 bin,
1015 605 1048 631 ob
1068 606 1106 639 ich

227 667 282 702 ihm
303 672 363 694 was
383 667 476 697 bleibe,
497 668 548 694 das
568 666 599 702 iſt
619 668 693 693 dann
714 665 830 693 einerlei.

299 727 341 762 Ja
363 729 439 763 ſüßer
458 727 578 763 Freund!
610 729 642 755 ob
670 730 705 762 ich
724 727 777 756 Dir
804 732 864 754 was
885 727 945 754 bin:
979 732 1040 754 was
1064 727 1111 762 ſoll

229 790 267 824 ich
295 792 398 824 danach
425 791 542 825 fragen?
561 805 596 810 —
623 791 692 824 weiß
718 790 753 825 ich
775 791 851 824 doch,
882 790 935 823 daß
960 791 1001 817 die
1025 788 1113 823 Lerche

228 852 298 885 nicht
318 850 434 885 umſonſt
459 852 569 884 jubelnd
597 852 738 886 aufſteigt,
764 852 818 885 daß
843 853 886 878 der
909 850 1112 885 Morgenwind

229 911 299 944 nicht
320 910 465 943 ungefühlt
478 911 506 935 in
527 911 575 936 den
587 910 714 942 Zweigen
736 911 831 944 liſpelt,
850 910 878 943 ja
900 911 954 942 daß
968 912 1008 936 die
1028 919 1114 944 ganze

229 971 327 1000 Natur
347 972 417 1008 nicht
437 970 603 1008 unbegriffen
625 971 652 998 in
673 971 715 1007 ihr
728 968 889 1007 Schweigen
905 969 1047 1006 verſunken
1067 970 1114 1006 iſt;

231 1042 292 1062 was
313 1035 380 1069 ſollt’
400 1035 437 1070 ich
456 1043 553 1072 zagen,
573 1042 627 1062 von
642 1033 696 1062 Dir
715 1035 784 1070 nicht
803 1034 959 1069 verſtanden
982 1035 1051 1069 nicht
1071 1043 1114 1070 ge-

231 1096 306 1131 fühlt
324 1106 357 1133 zu
379 1097 453 1132 ſein?
471 1112 508 1118 —
526 1096 617 1124 Drum
637 1097 693 1122 will
713 1097 751 1130 ich
770 1098 839 1131 nicht
859 1097 986 1131 ſchwören
1006 1096 1060 1124 Dir
1080 1102 1115 1123 et-

232 1163 294 1185 was
314 1167 347 1194 zu
369 1158 438 1192 ſein;
466 1162 494 1184 es
513 1157 544 1192 iſt
564 1157 615 1183 mir
634 1157 736 1189 gewiß,
762 1156 816 1190 daß
842 1157 877 1190 ich
896 1156 950 1183 Dir
970 1157 1029 1184 bin,
1053 1162 1114 1184 was

233 1220 260 1245 in
287 1218 496 1251 einſtimmender
520 1215 671 1253 Schönheit
695 1217 737 1244 ein
762 1214 823 1245 Ton
850 1217 894 1244 der
917 1215 1028 1247 Natur,
1058 1218 1116 1246 eine

233 1279 340 1316 geiſtige
352 1278 519 1316 Berührung
536 1280 615 1316 dieſer
629 1280 770 1318 sinnlichen
785 1279 864 1309 Welt
876 1279 931 1309 Dir
948 1281 1000 1318 ſein
1016 1279 1098 1310 kann.

833 1526 880 1552 Jm
895 1526 961 1552 Juli.

307 1588 386 1625 Dieſe
405 1586 497 1623 Tage,
522 1585 588 1622 dieſe
606 1584 753 1620 Gegenden
779 1585 813 1620 ſie
833 1590 928 1620 tragen
950 1588 1001 1613 das
1020 1584 1117 1623 Antlitz

236 1652 281 1678 des
299 1650 470 1686 Paradieſes.
506 1648 562 1676 Die
580 1647 657 1682 Fülle
678 1649 747 1682 lacht
767 1649 831 1683 mich
852 1657 889 1676 an
910 1650 937 1677 in
959 1651 1003 1678 der
1023 1650 1118 1686 reifen-

237 1713 285 1739 den
305 1712 415 1748 Frucht,
437 1715 488 1740 das
507 1710 589 1739 Leben
609 1710 713 1746 jauchzt
732 1711 760 1738 in
781 1713 847 1743 mir,
875 1714 929 1741 und
950 1713 1050 1749 einſam
1072 1713 1117 1740 bin

237 1772 274 1806 ich
294 1776 344 1802 wie
365 1778 408 1803 der
426 1776 489 1811 erſte
507 1773 638 1810 Mensch;
659 1774 714 1800 und
734 1774 771 1809 ich
792 1776 863 1803 lerne
882 1776 932 1803 wie
952 1775 1032 1810 dieſer
1051 1775 1119 1809 herr-

238 1833 309 1870 ſchen
341 1839 395 1865 und
430 1840 550 1875 gebieten
581 1839 638 1867 dem
670 1834 769 1867 Glück:
807 1839 861 1876 daß
891 1839 932 1867 die
962 1835 1040 1865 Welt
1070 1834 1117 1869 ſoll
