2000 2271
658 271 729 314 Mih
746 271 851 312 freuts,
871 270 925 311 daß
945 270 974 311 ih
994 268 1036 302 die
1059 268 1141 311 Eiher
1166 267 1230 311 hob,

661 332 720 371 Jhr
740 330 799 370 ſeyd
818 329 878 366 doch
901 328 990 365 g'ſund
1014 330 1063 359 und
1084 329 1178 366 wuhl?
1198 325 1332 361 Gottlob!

661 386 723 421 Und
745 392 804 419 wos
825 393 881 417 mer
901 393 953 417 nau
971 386 1024 425 noh
1043 383 1138 424 ſunſt'n
1158 383 1232 424 ſagt,

661 443 725 474 Und
745 443 799 475 woͤi
822 451 877 475 mer
895 441 1113 481 Cumplament'n
1134 441 1228 479 macht.

662 502 732 535 Mer
754 500 782 542 iß
804 500 951 540 vergnoͤgt,
971 507 1027 529 mer
1048 496 1127 531 trinkt
1146 501 1200 529 und
1221 497 1278 538 ißt,

664 558 740 597 Su,
758 559 813 599 daß
834 565 908 589 mern
930 554 1063 595 Schlauff
1079 554 1180 594 baynah
1202 554 1316 593 vergißt.

666 614 747 655 Doch
766 622 843 647 wenn
862 618 935 646 mers
955 611 1013 653 halt
1033 613 1062 652 ſu
1083 613 1161 645 treibt
1180 612 1208 645 in
1227 614 1337 652 d'Laͤng,

666 671 746 713 Haut
766 670 853 711 g'eſſ'n
871 672 927 702 und
945 667 1005 710 niht
1025 670 1127 702 trunk'n
1144 673 1259 710 z'weng,

670 728 722 763 So
740 729 769 770 iß
787 728 831 766 nix
852 725 932 768 beſſer
950 727 995 759 als
1015 727 1058 759 die
1077 727 1180 765 Rouh,

670 786 732 821 Und
751 785 779 826 ſu
798 784 888 826 geihts
909 782 949 825 oͤiz
968 785 1022 816 dau
1042 782 1079 824 ah
1098 782 1172 824 d'raf
1186 791 1245 823 zou.

670 841 739 883 Oeiz
758 843 786 875 in
807 850 843 874 an
862 841 984 877 Zimmer
1002 841 1081 879 lieg'n
1103 848 1190 880 zwey,

670 899 734 934 Der
754 901 829 931 dritt'
849 900 895 930 der
917 900 995 937 mouß
1016 899 1077 930 dort
1095 895 1178 930 nuͤber
1195 898 1266 938 geih.

671 958 740 997 Oeiz
757 954 905 996 ſchlauff'ns
925 955 972 988 alli
991 951 1055 994 ſchoͤi
1076 955 1129 986 und
1149 962 1230 993 gout,

675 1016 728 1048 Su
749 1014 865 1053 praͤchti,
885 1014 930 1044 als
951 1018 1025 1045 mers
1044 1010 1173 1051 wuͤnſch'n
1192 1011 1277 1052 thout.

675 1071 747 1105 Wer
767 1074 832 1107 ſtellt
854 1071 892 1112 ſih
912 1070 975 1102 ober
994 1069 1045 1101 doͤs
1065 1068 1105 1109 oͤiz
1123 1069 1193 1106 vuͤr,

678 1132 759 1169 Ganz
777 1131 878 1163 deutlih
899 1129 971 1166 geiht
994 1126 1032 1163 oͤiz
1050 1125 1084 1163 af
1098 1125 1141 1156 die
1159 1123 1255 1162 Thuͤr,

676 1185 781 1227 Horch!
802 1183 858 1223 ſagt
877 1185 922 1214 der
942 1184 997 1221 ah,
1017 1185 1048 1212 es
1066 1178 1169 1211 kummt
1186 1180 1214 1217 jo
1235 1183 1294 1210 ans.

677 1242 741 1277 Der
760 1244 840 1274 ander
861 1239 937 1279 ſagt;
958 1236 1004 1278 Ih
1022 1234 1083 1276 ſiech
1099 1235 1127 1275 jo
1149 1234 1221 1267 kans.

679 1299 737 1332 Die
756 1295 835 1337 Thuͤr
854 1294 904 1336 hob
928 1295 957 1337 ih
975 1295 1050 1329 wuhl
1066 1294 1178 1334 g'haͤiert
1197 1293 1233 1330 ah

681 1354 839 1391 Afmach'n,
859 1355 913 1388 ſcho
934 1361 953 1385 a
973 1351 1067 1389 mauhl
1081 1358 1108 1382 er
1128 1357 1193 1390 zwa.

682 1411 733 1446 Es
748 1411 778 1451 iß
797 1409 847 1443 mei
865 1409 940 1443 Seel
960 1408 990 1441 in
1009 1407 1092 1447 Haus
1112 1411 1171 1439 wos
1190 1406 1284 1440 drinn,

685 1467 739 1502 Su
757 1474 846 1499 wauer
866 1465 910 1498 als
929 1465 960 1505 ih
978 1463 1020 1497 leb
1039 1469 1093 1497 und
1113 1462 1173 1496 bin!

685 1523 752 1558 Mir
770 1524 858 1555 woll'n
874 1522 985 1563 allizwei
1005 1521 1111 1562 afſteih,

686 1580 748 1614 Und
767 1578 851 1612 nuͤber
868 1582 1003 1619 g'ſchwind
1021 1587 1070 1619 zon
1089 1575 1198 1610 Doctor
1215 1575 1283 1615 geih.

687 1636 754 1677 Oeiz
774 1636 895 1671 kummes
913 1638 972 1675 halt
990 1635 1020 1668 in
1039 1634 1114 1666 vul'n
1131 1632 1191 1674 Laf,

689 1693 750 1730 Und
771 1694 859 1728 weck'n
875 1695 926 1728 den
945 1700 997 1726 von
1017 1691 1090 1726 Bett
1108 1689 1244 1730 g'ſchwind
1263 1690 1301 1729 af.
