2000 2271
714 255 744 289 A
763 255 830 296 jeder
851 253 935 296 flougt
953 254 1007 286 und
1026 251 1136 292 ſchwuͤrt
1156 252 1208 293 noh
1227 251 1314 292 d'raf,

716 312 775 345 Die
795 310 872 352 Thuͤr
892 311 919 351 iß
940 310 1107 351 zwaamauhl
1125 319 1214 349 ganga
1235 309 1272 348 af.

714 365 777 403 Und
797 368 849 400 woͤi
871 374 943 400 mers
965 377 1019 399 nau
1039 368 1106 409 haut
1128 366 1197 406 roͤcht
1218 365 1348 404 betracht,

716 425 793 466 Haut
812 425 861 457 doͤs
883 428 927 458 der
947 424 1007 464 Zug
1026 435 1079 457 von
1097 423 1205 464 Fenſter
1226 424 1344 463 g'macht.

716 481 784 522 Oeiz
803 489 860 514 wos
879 483 908 522 iß
929 484 1016 515 weiter
1038 482 1159 523 z'mach'n
1180 485 1250 519 dau,

716 541 861 575 Annander
884 539 977 581 hob'ns
994 539 1142 578 ausg'lacht
1160 548 1225 570 nau.

716 596 783 638 Oeiz
804 597 920 636 mach'ns
942 596 1004 636 ſchoͤi
1024 597 1065 628 die
1082 596 1188 636 Fenſter
1207 604 1270 636 zou.

714 655 775 689 Und
797 655 874 693 lieg'n
896 655 932 696 ſih
953 654 1098 695 nohmauhl
1119 664 1162 693 zor
1180 653 1275 693 Rouh.

714 712 762 752 Jn
785 715 882 744 andern
904 712 961 751 Tog
983 721 1035 743 nau
1056 712 1083 743 iu
1102 715 1148 743 der
1168 710 1270 752 Froͤih,

715 769 786 802 Dau
808 770 865 809 haͤit
884 778 939 801 mer
960 769 1029 807 ſoll'n
1052 767 1158 809 haͤiern,
1176 767 1230 801 woͤi

716 828 744 859 A
764 829 834 866 jeder
853 828 892 868 ſih
911 829 963 858 dau
982 827 1075 866 g'lacht
1094 826 1161 866 haut
1181 825 1247 863 ſatt,

716 884 776 917 Und
796 883 847 915 woͤi
866 893 894 915 er
916 884 980 924 haut
1000 883 1120 922 Coraſchi
1137 882 1221 922 g'hat.

716 941 776 974 Und
797 950 871 972 wenn
892 950 948 973 mer
966 941 1008 972 die
1027 950 1093 980 ganz
1114 939 1241 978 G'schicht
1259 936 1387 975 betracht,

717 997 793 1038 Haut
812 1003 901 1032 aner'n
920 1001 1044 1034 n'andern
1064 996 1203 1037 forchtſam
1222 994 1342 1035 g'macht.
