2000 2271
426 229 512 271 Steih
535 229 580 270 af,
598 235 626 262 es
649 230 729 271 mouß
751 230 777 262 in
798 228 879 269 Haus
899 234 958 261 wos
980 228 1047 271 feyh.

425 287 528 324 „Wos
549 286 719 320 Sacrament
740 286 798 328 faͤllt
819 286 877 326 euch
899 289 967 318 denn
988 286 1041 327 eih.

424 344 480 383 „O
502 348 589 383 meih;
608 343 679 384 geiht
701 343 758 383 fort
774 347 827 377 und
849 341 898 384 laſt
919 343 974 384 mih
996 343 1073 384 geih,

424 400 530 441 „Wer
548 401 621 434 woͤrd
642 405 709 434 denn
730 400 770 442 oͤiz
789 411 840 434 von
860 401 933 433 Bett
955 400 988 440 af
1005 401 1077 442 steih.

423 458 467 492 Es
490 459 551 500 hilft
573 459 640 498 ſunſt
663 459 705 497 nix
725 462 759 490 du
780 459 864 497 mouſt
885 458 954 499 gleih
977 464 1060 496 raus,

424 517 468 550 Es
490 518 534 558 iß,
555 518 625 550 Gott
646 517 713 556 ſtraf
727 517 797 557 mih!
819 522 876 548 wos
897 516 923 547 in
944 514 1037 555 Haus.

424 574 492 615 Oeiz
513 573 610 614 ſchloͤift
631 577 675 607 der
695 575 830 614 g'ſchwind
849 574 876 606 in
895 571 1051 609 Ueberrock,

424 632 484 666 Und
506 632 595 672 nehmt
616 633 666 671 ſein
689 632 782 665 Sabel
803 634 855 663 und
876 630 930 670 ſein
948 628 1044 662 Stock.

425 689 484 722 Und
506 689 544 729 oͤiz
565 689 620 728 ſens
642 694 715 722 unt'n
736 690 770 730 ah
791 687 936 725 derwacht,

426 748 493 780 Nau
516 748 578 787 haut
599 753 670 778 mers
692 749 774 778 denen
793 745 827 785 ah
849 744 982 783 g'ſchwind
1003 742 1094 782 g'ſagt.

426 804 495 844 Oeiz
516 806 580 844 haut
602 813 657 834 mer
676 802 809 842 g'ſchwind
831 812 849 833 a
867 800 947 840 Loͤicht
969 798 1097 840 ohzuͤndt.

427 861 497 893 Will
518 862 577 901 ſeha
598 861 655 899 oͤiza
673 865 730 891 wos
752 868 807 890 mer
827 859 895 898 find.

428 917 489 950 Der
509 917 651 958 Hausherr
671 917 736 957 haut
759 916 809 954 ſein
830 914 923 948 Sabel
942 909 1069 954 braucht,

428 974 491 1007 Mit
511 978 559 1005 den
581 984 607 1005 er
626 974 662 1014 ſih
683 974 710 1004 in
732 971 819 1011 Kroͤig
840 973 907 1013 haut
926 977 1053 1011 g'waugt.

428 1031 488 1063 Und
508 1031 567 1062 weil
587 1032 626 1062 die
647 1030 846 1070 Frauazimmer
865 1038 944 1068 gern,

428 1087 505 1126 Doch
528 1088 651 1126 z'vuͤderſt
671 1086 738 1126 gleih
759 1086 806 1124 bey
827 1087 888 1117 all'n
908 1085 1011 1124 waͤr'n.

427 1144 485 1176 Die
506 1144 625 1183 Jungfer
646 1143 711 1182 haut
731 1142 843 1174 d'Latern
865 1141 968 1181 kroͤigt.

427 1200 486 1232 Und
504 1201 577 1242 jeder
592 1198 663 1239 Herr
686 1208 701 1230 a
720 1199 843 1230 brennetl
862 1197 952 1237 Loͤicht.

427 1255 480 1292 Su
500 1255 600 1295 gaͤnges
619 1256 673 1296 oͤiza
695 1265 754 1287 rum
774 1256 802 1287 in
821 1254 923 1295 Haus,

426 1313 487 1346 Und
507 1314 604 1351 ſouch'n
626 1314 671 1344 alli
691 1313 793 1344 Wink'l
814 1319 875 1344 aus.

427 1369 471 1402 Es
491 1371 518 1410 iß
538 1370 594 1409 halt
615 1369 675 1401 ober
694 1369 755 1408 doch
776 1367 820 1402 am
842 1367 906 1402 End

427 1428 484 1465 Nix
508 1431 560 1459 dau
580 1427 683 1466 g'weſt,
704 1425 754 1457 doͤs
775 1427 830 1465 mer
851 1425 934 1465 fanga
949 1425 1034 1459 koͤnnt.

427 1484 502 1516 Wos
523 1484 612 1523 Teuf'l
632 1485 711 1524 mouß
732 1482 782 1515 doͤs
803 1481 882 1521 Ding
901 1485 968 1515 denn
989 1482 1055 1523 feyh.

429 1539 498 1579 Oeiz
514 1540 612 1579 gaͤnges
633 1541 660 1572 in
680 1541 721 1572 die
741 1538 849 1572 Stub'n
870 1539 947 1579 neih,

430 1597 490 1630 Und
509 1597 608 1638 b'ſinna
629 1597 670 1637 ſih
687 1597 727 1628 die
748 1596 833 1636 Creuz
854 1598 908 1627 und
927 1594 1025 1633 Quaͤr,

430 1654 509 1687 Wou
527 1657 593 1688 denn
613 1653 662 1687 doͤs
683 1652 763 1694 Ding
782 1655 810 1695 iß
829 1653 937 1688 kumma
952 1652 1006 1694 her.
