2000 2271
828 818 972 858 Der

496 912 1054 972 freundſchaftliche
1089 910 1313 972 Beſuch.

532 1225 601 1294 Jh
623 1246 687 1280 kons
708 1247 767 1289 niht
785 1255 869 1279 nenna
891 1246 930 1288 oͤiz
950 1245 1000 1280 doͤs
1019 1247 1108 1290 Urth,

460 1300 506 1341 Jh
526 1303 588 1342 mah
612 1314 651 1339 -
671 1304 698 1342 ſu
722 1304 826 1336 Brunn
847 1308 901 1338 und
921 1305 973 1345 noh
994 1315 1011 1337 a
1030 1305 1142 1352 Wurth,

458 1357 561 1395 Denn,
581 1368 656 1392 wenn
676 1359 723 1400 ihs
743 1360 795 1400 noh
816 1360 887 1399 roͤcht
907 1362 1001 1403 wuͤſtet
1019 1372 1096 1401 wou,

458 1410 510 1447 So
530 1415 649 1454 ſchreibet
667 1417 713 1456 ihs
734 1416 802 1456 gleih
824 1418 870 1459 her
889 1423 990 1462 derzou.

459 1471 528 1504 Dau
550 1473 608 1511 ſenn
629 1482 681 1505 von
702 1473 746 1513 hoͤi
766 1474 827 1513 drey
849 1474 999 1518 Schwaͤger
1021 1480 1094 1520 fort,

458 1528 518 1560 Und
539 1528 663 1569 b'ſouch'n
683 1529 752 1571 ihr'n
774 1529 943 1571 Schwauger
960 1536 1035 1572 dort,

459 1582 521 1616 Der
541 1588 607 1625 haut
625 1587 683 1628 halt
702 1586 774 1627 gleih
793 1596 809 1618 a
829 1584 912 1629 rechta
931 1584 1038 1629 Freud,

458 1640 518 1674 Und
541 1643 613 1683 sagt;
633 1644 710 1679 Wou
732 1645 832 1677 kummt
852 1645 895 1689 ihr
918 1647 963 1690 her
983 1648 1027 1690 ihr
1048 1642 1128 1681 Leut?
