1740 2466
146 202 258 264 Sie
268 203 399 260 leren
399 203 506 260 vnd
527 208 661 277 thun
661 208 805 277 alles
805 208 942 277 guts

143 271 283 334 Auch
291 274 361 340 ſol
370 275 445 327 ein
455 274 745 341 Foꝛmündt
762 291 948 337 wonen
959 282 1087 344 nicht

144 340 256 408 Bey
267 345 351 394 der
364 342 553 410 weyſen
566 346 785 400 Mutter
802 352 906 400 vnd
916 351 1084 413 ſpꝛicht

142 406 285 464 Kein
295 410 417 469 Erb
425 411 498 478 zu
498 411 777 478 Foꝛmündt
786 413 907 478 muͤg
920 416 1113 479 gehoͤꝛn

143 476 258 531 Ein
268 480 499 535 truncken
508 480 723 547 Fuͤrſten
734 481 802 544 ſol
815 495 933 536 man
940 483 1080 539 moͤꝛn

146 544 261 601 Ein
272 548 456 615 Koͤnig
466 548 534 617 iſt
534 548 618 617 ein
618 548 830 617 ſtarcker
830 548 1000 617 gwalt

145 609 273 668 Das
286 618 424 683 Gſetz
431 617 495 685 iſt
507 617 607 668 wie
617 618 694 670 ein
707 617 1011 685 Spinnweb
1025 619 1109 675 alt

145 679 274 742 Das
274 679 377 742 nur
377 679 453 742 die
461 685 729 751 ſchwachen
737 688 859 751 thut
873 689 1083 744 bewarn

143 753 247 820 Die
247 753 474 820 ſtarcken
474 753 560 820 die
560 753 693 820 thun
709 754 945 820 hindurch
965 759 1081 822 farn

144 823 347 883 Solon
347 823 510 883 wurd
510 823 587 883 alt
600 826 690 890 bey
707 824 902 888 Achtzig
916 832 1046 892 jarn.

452 913 660 1001 Chilon
676 916 768 988 der
788 914 898 989 drit

200 1045 239 1093 ¶
250 1025 442 1089 Chilon
454 1028 641 1093 ſpꝛicht/
654 1030 779 1087 nicht
788 1027 908 1087 nach
915 1028 1020 1078 rede
1028 1031 1138 1079 dem

137 1089 261 1155 Jnn
261 1089 588 1157 Wirtſchafft
583 1096 695 1146 wol
703 1095 813 1159 dein
813 1095 970 1159 zunge
979 1106 1082 1156 zem

139 1160 325 1228 Sunſt
342 1160 484 1227 wirſt
480 1165 553 1220 zu
553 1163 643 1222 letz
666 1163 868 1214 betruͤbt
879 1163 1041 1213 damit

132 1227 425 1292 Wertroet·/
438 1229 528 1291 der
528 1229 618 1291 hat
631 1227 867 1295 weybiſch
867 1227 935 1295 ſit

136 1295 298 1364 Such
298 1295 424 1364 dein
424 1295 633 1364 Freund
633 1295 766 1364 heim
766 1295 864 1364 inn
864 1295 1184 1364 kuͤmmernuß

133 1364 298 1425 Mehꝛ
309 1362 448 1418 dann
448 1362 503 1418 in
513 1364 655 1428 gluͤck
663 1367 767 1413 vnd
775 1363 1009 1430 vberfluß

134 1430 373 1495 Schlecht
385 1432 632 1496 demütige
649 1430 916 1501 Hochtzeyt
916 1430 1061 1501 mach

132 1503 268 1558 Dem
281 1499 460 1559 todten
460 1499 558 1559 red
558 1499 689 1559 nicht
700 1499 813 1551 vbel
836 1501 959 1560 nach

131 1567 268 1620 Dein
275 1580 417 1631 zoꝛen
426 1562 668 1643 dempff/
659 1558 758 1636 das
766 1566 895 1618 alter
905 1567 987 1631 ehꝛ

130 1633 440 1703 Vnmuͤglich
440 1633 565 1703 ding
565 1633 668 1703 gar
685 1634 808 1691 nicht
825 1634 1003 1702 begehꝛ

125 1702 245 1756 Des
264 1704 706 1769 vngluͤckhaffting
722 1699 880 1765 ſpotte
888 1706 1017 1768 nicht

126 1773 243 1826 Ein
255 1772 389 1838 Herr
400 1776 486 1826 inn
496 1776 667 1824 demut
681 1770 757 1835 ſey
766 1773 1023 1838 verpflicht

122 1838 252 1893 Das
264 1854 379 1895 man
391 1843 464 1893 nit
476 1839 633 1903 fuͤrcht
646 1837 815 1902 ſonder
824 1838 911 1891 lieb
923 1842 1026 1904 ſehꝛ

125 1905 219 1965 Eh
231 1907 482 1975 ſchadens/
482 1907 617 1975 dann
630 1904 728 1968 boͤß
759 1908 1039 1970 gwinnens
1039 1908 1127 1970 ger

122 1972 270 2039 Weyl
280 1974 510 2039 derſchad
521 1972 726 2027 betrübt
742 1976 819 2027 ein
829 1977 932 2035 mal
945 1982 997 2045 jn

122 2038 257 2094 Aber
273 2041 411 2105 ewig
411 2041 501 2105 der
501 2041 610 2105 boͤß
610 2041 783 2105 gewin

121 2104 303 2178 Sechs
303 2104 415 2179 vnd
415 2105 639 2179 fuͤnfftzg
657 2108 791 2182 jaͤrig
791 2108 946 2182 ſtarb
946 2108 1003 2182 er
1003 2108 1114 2182 hin.
