2463 2578
1628 276 1662 309 V

615 1458 708 1493 Aliae
723 1456 813 1492 victu
834 1455 1011 1503 inuigilant
1023 1461 1054 1489 et
1058 1453 1190 1499 foedere
1199 1452 1295 1499 pacto

540 1521 735 1557 Exercentur
754 1520 867 1562 agris;
884 1528 967 1563 pars
979 1518 1071 1551 intra
1081 1515 1172 1558 ſepta
1187 1514 1346 1546 domorum

538 1577 679 1623 Narciſſi
693 1579 870 1623 lacrymam
891 1585 923 1610 et
933 1576 1051 1609 lentum
1063 1574 1102 1607 de
1115 1574 1229 1606 cortice
1235 1571 1347 1618 gluten

538 1641 655 1678 Prima
658 1637 751 1686 faui
763 1645 884 1681 ponunt
885 1635 1103 1680 fundamina,
1124 1632 1232 1666 deinde
1244 1638 1367 1664 tenaces

539 1699 737 1746 Suſpendunt
750 1708 858 1738 ceras;
879 1695 962 1730 aliae
967 1695 1059 1740 ſpem
1067 1694 1177 1740 gentis
1189 1691 1235 1726 ad
1245 1690 1326 1726 altos

543 1762 684 1798 Educunt
688 1758 818 1804 foetus;
838 1756 923 1791 aliae
932 1752 1102 1801 puriſſima
1114 1751 1208 1787 mella

544 1822 698 1868 Stipant,
716 1828 747 1853 et
760 1816 881 1863 liquido
895 1816 1073 1862 diſtendunt
1084 1812 1212 1848 nectare
1227 1810 1331 1846 cellas.

540 1883 643 1924 Sunt,
665 1881 779 1927 quibus
792 1878 837 1912 ad
842 1886 959 1925 portas
970 1875 1088 1911 cecidit
1099 1873 1236 1919 cuſtodia
1237 1870 1334 1917 ſorte

545 1943 641 1987 Inque
653 1945 757 1977 vicem
760 1939 968 1986 ſpeculantur
979 1949 1080 1984 aquas
1094 1944 1126 1970 et
1139 1933 1250 1970 nubila
1262 1930 1339 1967 coeli

546 2004 612 2039 Aut
627 2012 720 2036 onera
732 2003 892 2046 accipiunt
905 2001 1103 2037 venientum,
1124 2003 1181 2030 aut
1196 1996 1322 2040 agmine
1327 1985 1423 2036 facto

549 2061 709 2108 Ignauum
709 2061 803 2108 fucos
812 2070 906 2105 pecus
920 2071 942 2093 a
953 2054 1156 2104 praeſepibus
1169 2063 1289 2090 arcent.

548 2122 665 2161 Feruet
679 2130 753 2168 opus
758 2131 771 2161 ,
791 2118 927 2155 redolent
924 2131 983 2165 que
998 2116 1106 2164 thymo
1109 2115 1307 2161 fragrantia
1320 2107 1424 2148 mella.

1350 2170 1503 2212 (VIRG.
1513 2162 1596 2200 Geo.
1607 2160 1690 2201 IV.)

1025 2234 1057 2279 A
1077 2244 1097 2278 3

1604 2219 1692 2258 Sicut

391 396 472 420 nem
490 383 657 419 auctorem
672 384 767 418 ſuum
783 390 923 422 vertant,
948 378 1059 417 exacte
1073 379 1163 413 ſenſu
1185 379 1270 413 illius
1291 384 1403 414 eruto:
1424 383 1576 422 quantam
1595 372 1668 411 dili-

392 449 537 492 gentiam
554 444 744 484 adhibeant,
758 450 791 476 vt
805 449 992 487 argumenta
1009 453 1026 474 a
1041 440 1194 483 magiſtris
1212 438 1304 474 huius
1319 438 1485 482 palaeſtrae
1499 447 1541 470 ex
1556 435 1667 471 omni-

394 506 453 542 bus
472 505 642 551 diſciplinis
658 502 817 548 propoſita
832 503 901 535 ſtilo
916 512 1000 545 puro
1014 509 1050 533 ac
1063 499 1164 539 terſo,
1179 501 1234 542 qui
1249 500 1311 534 illis
1324 508 1493 533 armorum
1510 496 1603 530 inſtar
1611 492 1666 534 eſt,

397 565 553 602 reddendi
570 574 670 598 artem
690 562 900 595 condiſcant!

489 625 579 659 Bello
594 623 611 656 a
627 622 741 661 Valla,
764 619 919 653 Politiano
928 646 937 659 ,
945 617 1139 658 Reuchlino,
1160 616 1289 662 Eraſmo
1309 616 1482 662 ceterisque
1495 614 1673 649 litterarum

399 685 636 729 elegantiorum
656 678 935 720 reſtauratoribus,
955 678 997 712 ab
1019 678 1089 722 ipſo
1107 677 1253 711 Barbaro
1274 675 1426 711 barbariei
1434 674 1570 715 fortiter
1587 672 1670 706 indi-

400 743 474 783 cto,
496 752 574 785 quae
588 739 692 775 multa
709 739 830 773 ſaecula
844 737 961 774 orbem
978 737 1167 775 litterarium
1181 736 1407 775 inſuſcauerat,
1420 745 1518 780 quam
1536 730 1672 775 jucunda

399 803 445 837 eſt
458 801 525 834 viſu
547 810 623 834 cum
643 799 708 834 hoc
721 799 811 832 hoſte
823 809 841 830 a
859 799 944 842 pube
960 798 1110 831 Romana
1130 796 1297 829 commiſſa
1320 805 1444 838 pugna,
1465 804 1564 838 quam
1585 800 1673 825 ama-

399 860 471 896 bilis
486 860 594 895 auditu
609 860 758 894 calliditas
776 858 945 901 cautioque
968 869 1006 890 ac
1022 854 1163 900 prouiſio
1180 853 1380 893 inſidiarum,
1402 863 1483 897 quae
1498 852 1607 885 noſtro
1623 860 1673 883 ac-

399 931 443 954 uo
468 932 485 954 a
509 917 651 960 nouellis
651 917 666 960 |
666 917 775 960 neſcio
797 916 913 960 quibus
935 911 1197 949 reſtauratoribus
1222 912 1338 947 ſcholis
1361 914 1472 946 noſtris
1494 913 1673 948 ſtruuntur,

399 980 456 1015 ſed
469 991 536 1019 tam
549 979 622 1014 cito
632 978 776 1013 vitantnr
787 987 827 1010 ac
838 976 1088 1021 propulſantur,
1108 984 1206 1017 quam
1217 972 1302 1008 fiunt
1314 981 1552 1016 ponunturque.

489 1043 531 1077 In
545 1039 659 1075 militia
674 1037 830 1072 cuſtodiae
844 1045 938 1079 atque
951 1034 1080 1079 vigiliae
1100 1033 1191 1066 valde
1212 1031 1398 1067 neceſſariae
1419 1033 1499 1066 ſunt.
1555 1028 1595 1062 In
1621 1036 1676 1071 pa-

403 1103 510 1139 laeſtra
525 1101 628 1135 noſtra
642 1096 806 1132 intentiori
821 1106 895 1129 cura
911 1092 1070 1129 excubant
1089 1093 1274 1137 vigiliasque
1295 1098 1394 1135 agunt
1414 1091 1555 1130 tirones,
1577 1093 1611 1122 vt
1624 1097 1676 1119 ca-

403 1165 541 1201 ſtitatem
555 1160 761 1202 nitoremque
774 1156 976 1199 optimorum
991 1155 1184 1196 ſcriptorum
1200 1152 1343 1188 ſeruent;
1364 1157 1398 1182 vt
1410 1159 1510 1194 genus
1524 1145 1680 1182 ſcribendi

401 1232 436 1259 et
450 1224 577 1265 elegans
592 1227 624 1251 et
639 1217 806 1259 majeſtatis
822 1215 956 1258 plenum
975 1212 1202 1255 adſequantur:
1225 1219 1259 1243 vt
1274 1220 1306 1244 et
1320 1209 1480 1243 ſententiis
1496 1214 1629 1242 acutum
1644 1211 1678 1239 et

401 1284 606 1321 luculentum
623 1276 677 1312 ſit:
698 1284 732 1311 vt
751 1284 783 1311 et
794 1285 893 1318 graue
910 1282 943 1308 et
954 1273 1076 1307 laetum
1089 1270 1270 1316 ſequantur.

490 1340 589 1377 Haud
612 1339 721 1382 inepte
748 1336 895 1369 tironum
914 1334 1103 1368 noſtrorum
1123 1331 1249 1366 ſolertia
1271 1340 1348 1366 cum
1370 1338 1470 1374 apum
1492 1324 1680 1363 mellatione

402 1400 621 1449 comparanda
637 1398 695 1432 eſſe
710 1397 845 1430 videtur.
