2463 2578
804 461 876 506 De
903 459 1058 517 Latio,
1089 473 1170 505 non
1198 459 1333 507 Latio.

409 604 530 738 N

513 2131 624 2170 Adde,
636 2128 724 2171 quod
737 2126 900 2160 erectioris
914 2125 1031 2159 indolis
1047 2124 1280 2164 adolelcentes,
1292 2124 1346 2169 qui
1361 2123 1493 2168 ingenio
1506 2123 1693 2168 dicendique

429 2192 545 2237 genere
559 2190 709 2233 Horatii,
734 2184 881 2234 Virgilii,
899 2186 1025 2227 Ouidii,
1044 2186 1138 2219 Liuii
1145 2209 1156 2225 ,
1177 2184 1332 2229 ipſiusque
1350 2184 1507 2223 Ciceronis
1527 2191 1694 2224 tenentur,

1058 2245 1089 2279 A
1106 2254 1126 2277 2

1630 2243 1693 2285 mi-

528 634 673 668 Neminem
703 633 742 666 ad
762 632 977 668 eruditionem
1006 632 1139 668 ſolidam
1154 632 1225 667 ſine
1244 634 1421 669 litterarum
1431 634 1671 679 elegantiorum

549 695 667 734 ſtudio,
686 692 750 726 hoc
769 694 833 735 eſt,
859 692 925 727 ſine
953 702 1096 728 accurata
1123 694 1251 737 linguae
1278 695 1392 729 latinae
1421 702 1514 738 atque
1541 706 1676 739 graecae

553 754 741 797 cognitione
760 753 812 786 vei
826 753 979 797 adſpirare
994 754 1046 788 vel
1060 755 1131 788 viri
1145 752 1229 786 docti
1248 765 1355 789 nomen
1374 756 1443 798 jure
1464 757 1547 787 tueri
1570 755 1674 797 poſſe,

408 815 464 859 qui
480 827 554 848 cum
567 812 832 858 prudentiſſimis,
844 822 986 856 quorum
1004 812 1083 846 haec
1098 822 1160 846 vna
1173 815 1324 846 omnium
1339 812 1601 856 conſentiensque
1601 812 1675 856 vox

413 875 472 915 eft,
502 881 538 907 et
559 876 640 908 olim
665 875 854 913 ſtatuerunt,
875 880 908 906 et
931 883 1018 905 nunc
1037 872 1081 905 ita
1104 871 1310 911 arbitrantur,
1324 883 1341 904 a
1356 870 1446 906 redo
1463 874 1600 911 veritatis
1611 881 1675 906 tra-

411 937 492 969 mite
511 942 567 967 aut
584 945 718 977 parum,
734 940 786 965 aut
799 931 882 964 nihil
893 932 1041 964 abludere
1058 930 1154 965 nobis
1171 931 1330 963 videntur.

499 994 577 1027 Hoc
591 995 679 1026 enim
693 992 853 1036 politioris
867 991 1071 1025 humanitatis
1086 990 1241 1032 ſtudium,
1263 990 1351 1032 quod
1370 989 1552 1024 vniuerſum
1572 991 1676 1026 erudi-

411 1054 508 1089 tionis
523 1053 682 1085 ambitum
703 1049 946 1095 complectitur,
966 1052 1182 1092 omniumque
1201 1051 1405 1083 ſcientiarum
1424 1049 1563 1090 orbem,
1575 1062 1676 1085 omne

412 1115 496 1147 vitae
524 1124 625 1156 genus
650 1111 802 1145 omnium
823 1110 1000 1144 hominum
1015 1110 1068 1143 vel
1087 1110 1181 1142 ſacris
1203 1109 1431 1153 operantium,
1451 1110 1503 1142 vel
1516 1108 1678 1145 Themidi

413 1173 595 1213 litantium,
613 1173 665 1206 vel
686 1171 908 1210 medicorum,
922 1169 1255 1213 Philoſophorumque
1273 1169 1404 1201 ordines
1425 1169 1566 1211 attingit,
1592 1172 1678 1213 opti-

415 1243 547 1267 morum
561 1231 721 1265 auctorum
738 1229 866 1263 lectione
881 1231 1010 1270 nititur,
1034 1229 1089 1273 qui
1102 1228 1210 1261 omnis
1225 1230 1416 1260 litteraturae
1432 1226 1556 1270 fontes,
1569 1231 1680 1264 omnis

413 1293 581 1338 ſapientiae
595 1288 754 1326 humanae
774 1289 1020 1334 prudentiaeque
1034 1290 1140 1323 ciuilis
1154 1290 1294 1333 magiſtri
1308 1286 1474 1323 habentur.

502 1354 556 1387 Ex
569 1354 619 1387 his
629 1349 772 1386 fontibus
787 1359 866 1395 quot
882 1350 1062 1384 commoda
1079 1360 1148 1382 non
1162 1351 1196 1382 in
1215 1349 1450 1393 rempublicam
1465 1349 1567 1392 magis
1581 1351 1681 1384 eccle-

416 1414 574 1456 ſiamque,
593 1424 692 1456 quam
708 1414 741 1445 in
761 1413 978 1454 juuentutem,
999 1410 1030 1442 in
1044 1408 1164 1442 ſcholis
1184 1408 1225 1442 ſic
1241 1408 1334 1442 dictis
1354 1409 1469 1442 latinis
1488 1408 1681 1454 florentem,

417 1474 459 1508 de
473 1473 586 1518 quibus
601 1476 663 1517 jam
679 1471 771 1505 nobis
784 1472 891 1504 ſermo
904 1471 964 1509 eſt,
989 1469 1182 1509 redundant,
1204 1476 1339 1510 quantae
1354 1468 1520 1502 vtilitates!

505 1532 583 1565 Nou
597 1535 688 1566 enim
699 1531 740 1564 ad
754 1530 785 1564 id
802 1538 926 1562 tantum
941 1529 1140 1567 conducunt,
1162 1536 1197 1560 vt
1208 1526 1375 1560 Romanae
1386 1527 1512 1569 linguae
1527 1528 1685 1570 indolem,

421 1593 620 1635 dicendique,
627 1600 718 1634 atque
733 1588 886 1622 ſcribendi
902 1588 995 1621 latine
1012 1586 1195 1620 facultatem
1211 1586 1326 1619 exinde
1337 1586 1471 1619 addiſcat
1484 1586 1582 1630 pubes
1596 1589 1686 1622 ſcho-

424 1653 544 1693 laſtica;
565 1650 618 1684 ſed
638 1651 737 1693 longe
758 1651 863 1691 plures
885 1658 1001 1681 eorum
1022 1643 1120 1679 lectio
1140 1644 1239 1678 habet
1256 1644 1337 1679 vſus.
1406 1644 1591 1684 Dictorum
1591 1644 1639 1684 ab
1639 1644 1686 1684 iis

423 1712 548 1746 ſenſum
569 1711 710 1744 eruendo
730 1709 833 1743 aciem
854 1708 1067 1741 meditationis
1091 1706 1246 1743 intendit,
1267 1705 1541 1749 attentionemque
1558 1706 1616 1741 ſibi
1634 1718 1690 1742 ac-

423 1774 539 1817 quirit,
559 1782 639 1815 quae
655 1771 832 1811 ſtudiorum
855 1769 963 1800 anima
977 1765 1135 1799 habetur:
1151 1765 1301 1797 acumina
1319 1765 1455 1797 illorum
1475 1764 1533 1799 ſub
1549 1777 1691 1801 examen

423 1833 607 1867 reuocando
624 1831 716 1864 ſuum
731 1828 824 1873 ipſius
846 1829 1012 1872 ingenium
1034 1826 1137 1865 acuit,
1159 1825 1328 1857 ſententias
1350 1825 1481 1857 illorum
1512 1828 1691 1862 memoriae

411 1894 577 1928 tradendo
596 1893 661 1925 vim
689 1890 867 1925 memoriae
887 1885 1077 1922 corroborat
1098 1893 1197 1928 atque
1222 1891 1334 1927 auget,
1356 1883 1567 1928 animumque
1582 1887 1691 1930 ipſum

426 1951 637 1987 ſaluberrimis
657 1951 833 1995 praeceptis
855 1948 988 1988 imbuit,
1014 1943 1205 1990 excerpendi
1219 1944 1357 1976 ſtudium
1378 1952 1570 1988 promouet,
1592 1947 1691 1981 ratio-

424 2023 567 2055 nemque
580 2010 753 2043 ſtudiorum
769 2006 889 2041 rectam
904 2008 959 2044 ſeu
974 2006 1166 2042 methodum
1182 2004 1324 2048 addiſcit,
1324 2004 1388 2048 qua
1403 2003 1567 2039 deficiente
1579 2005 1692 2049 juuen-

424 2081 475 2108 tus
496 2080 611 2114 aquam
626 2067 734 2102 cribro
751 2066 863 2100 haurit.
