2463 2578
767 280 800 314 X

1175 2057 1326 2106 Didiciſſe
1337 2060 1484 2106 fideliter
1502 2074 1592 2101 artes

834 2111 912 2148 Non
932 2111 1053 2156 obfuit,
1082 2113 1136 2152 ſed
1155 2117 1278 2162 profuit
1286 2133 1298 2163 ;
1321 2123 1359 2156 ad
1390 2123 1574 2160 altiſſimum
1597 2127 1686 2162 enim
1710 2129 1869 2174 dignitatis
1882 2130 1917 2162 in
1937 2129 2007 2162 aula

746 2170 783 2203 in
793 2173 896 2213 curia,
913 2174 952 2208 in
962 2177 1066 2218 patria
1073 2175 1236 2222 faſtigium
1250 2181 1494 2229 adſcenderunt,
1515 2187 1556 2221 ad
1567 2186 1730 2225 ſummam
1740 2191 1777 2223 in
1789 2200 1856 2233 rep.
1873 2189 2006 2234 poteſta-

1938 2257 2006 2284 tem

855 378 965 424 Quem
981 377 1070 413 enim
1084 377 1184 424 fugit,
1199 381 1269 417 Lat.
1286 382 1396 416 litteris
1412 383 1556 419 imbutos
1572 384 1804 429 adoleſcentes,
1818 392 1928 425 ceteris
1944 393 2044 427 etiam

772 437 962 483 diſciplinis,
989 449 1123 472 morum
1145 440 1310 484 doctrina,
1337 442 1484 479 hiſtoriae
1505 453 1598 489 atque
1624 447 1839 490 geographiae
1861 453 2044 494 cognitione

769 499 993 543 mythologia,
1015 499 1236 542 antiquitatum
1252 505 1366 537 notitia
1409 525 1460 534 —
1504 504 1629 539 imbui?
1658 504 1738 548 Quis
1746 508 1891 551 ignorat,
1912 511 2042 554 juuenes

768 558 838 594 Lat.
859 560 966 604 lingua
978 559 1147 593 innutritos
1163 561 1357 598 humanitate
1373 572 1404 597 et
1417 565 1483 598 iam
1498 566 1645 599 innutriri
1654 566 1666 599 ?
1689 566 1752 599 Cui
1768 579 1836 601 non
1858 570 2045 612 perſuaſiſſi-

766 629 861 653 mum
879 620 940 660 eſt,
961 619 1029 653 Lat.
1044 620 1173 662 linguae
1185 623 1286 657 ſtudio
1301 625 1460 658 initiatum
1478 621 1647 660 Muſarum
1663 634 1794 671 quoque
1806 628 1900 662 ſacris
1914 630 2044 672 initiari,

763 677 860 723 hujus
877 677 939 723 que
958 681 1135 723 praeceptis
1159 680 1317 717 formatos
1338 683 1523 719 ſalutaribus
1547 687 1644 720 etiam
1661 688 1728 720 aliis
1743 688 1890 724 inſtitutis
1902 691 2042 725 formari

762 736 943 781 ſqualorem
964 743 994 771 et
1008 739 1192 783 rubiginem
1207 742 1308 777 menti
1324 744 1456 788 detergi,
1479 753 1510 779 et
1524 742 1690 789 ingenium
1704 749 1846 792 juuenile
1860 749 1948 784 ſenili
1963 762 2041 796 pru-

765 797 871 832 dentia
891 797 994 832 imbui
1001 799 1015 831 ?
1042 800 1128 834 Cum
1151 802 1211 834 hac
1229 803 1336 847 lingua
1356 815 1470 838 omnes
1485 805 1583 850 priſci
1598 805 1685 840 orbis
1699 809 1837 843 theſauri
1852 812 1946 844 aetati
1962 810 2038 845 huic

764 858 979 897 recluduntur,
1001 868 1114 893 omnes
1127 872 1176 895 res
1194 865 1354 906 praeclare
1373 865 1474 907 geſtae
1489 867 1677 910 optimaque
1690 879 1833 914 quaeque
1847 880 2036 914 proponun-

763 923 834 950 tur:
856 916 949 959 hujus
962 929 1025 961 ope
1040 920 1222 962 linguarum
1238 925 1500 967 peregrinarum,
1516 933 1625 969 vtpote
1639 927 1952 970 Franco-Gallicae,
1972 929 2035 963 Ita-

762 975 843 1009 licae
885 993 934 1000 —
975 976 1113 1013 ſtudium
1138 991 1372 1024 promouetur,
1387 984 1491 1018 ſenſus
1508 987 1576 1020 veri
1592 994 1624 1019 et
1636 986 1723 1028 ſalſi,
1735 989 1864 1031 pulchri
1880 997 1913 1023 et
1925 990 2033 1024 minus

761 1036 887 1078 pulchri
908 1047 1037 1078 voxque
1055 1039 1119 1080 ipſa
1140 1041 1296 1084 juuenum
1311 1040 1545 1079 conformatur.

844 1095 924 1130 Inde
936 1107 1064 1141 quoque
1078 1097 1203 1133 ſcholae
1216 1102 1289 1134 iſtae
1305 1112 1376 1147 apta
1391 1103 1597 1139 humanitatis
1608 1105 1770 1141 domicilia
1784 1107 1948 1152 ſedeſque,
1973 1108 2031 1143 do-

761 1153 952 1198 ctorumque
966 1157 1124 1199 virorum,
1139 1161 1194 1202 qui
1215 1171 1330 1195 omnes
1349 1162 1541 1206 reipublicae
1557 1173 1658 1207 partes
1683 1168 1844 1207 ornarint,
1865 1166 2030 1202 formatri-

756 1225 810 1246 ces
828 1213 1014 1257 altriceſque
1029 1216 1115 1250 recte
1128 1227 1292 1261 vocantur,
1314 1221 1357 1263 id,
1379 1225 1466 1265 quod
1481 1226 1530 1256 vel
1544 1225 1675 1259 ſummo
1690 1227 1765 1260 loco
1778 1229 1845 1260 nati
1859 1235 1929 1261 tum
1943 1236 2027 1262 tem-

757 1275 848 1317 poris
873 1274 932 1310 viri
952 1286 1019 1310 non
1040 1279 1245 1321 ignorarunt,
1277 1292 1343 1325 quo
1362 1280 1440 1317 haec
1458 1283 1553 1318 ſludia
1573 1285 1717 1319 maxime
1735 1284 1913 1329 florebant,
1942 1287 2026 1322 filios

756 1332 832 1370 ſuos
855 1336 889 1368 in
912 1336 1114 1379 diſciplinam
1129 1341 1268 1374 noſtram
1283 1342 1454 1377 mittentes.

838 1395 889 1427 Ex
903 1394 1045 1440 pluribus
1059 1409 1127 1432 non
1139 1399 1196 1432 niſi
1203 1411 1319 1443 paucos
1334 1414 1596 1439 commemorare
1609 1406 1705 1441 nobis
1718 1408 1822 1450 liceat,
1833 1418 1974 1451 quorum
1989 1411 2024 1442 in

753 1454 1053 1501 Anna-Sophianei
1065 1454 1147 1491 faſtis
1161 1459 1197 1491 fit
1204 1462 1329 1494 mentio

836 1515 884 1548 Ita
893 1516 1026 1559 juuenes
1040 1521 1153 1552 veteris
1166 1519 1330 1564 proſapiae
1345 1524 1582 1568 multarumque
1595 1526 1795 1571 imaginum,
1816 1540 1877 1572 per
1889 1530 2023 1563 illuſtres

751 1584 790 1618 ac
809 1575 1037 1618 generoſiſſimi
1061 1576 1102 1610 ab
1124 1589 1361 1624 ASSEBVRG,
1392 1593 1412 1616 a
1434 1594 1584 1626 BEYER,
1606 1595 1623 1618 a
1651 1586 1962 1632 GADENSTEDT,
1984 1590 2023 1623 ab

750 1643 984 1678 HONROTH,
1027 1636 1067 1669 ab
1109 1648 1246 1682 HOYM,
1291 1653 1311 1673 a
1353 1653 1547 1685 KOTZEN,
1575 1657 1593 1678 a
1622 1657 1827 1688 KROSIGK,
1861 1661 1879 1681 a
1892 1662 2021 1684 MVT-

750 1703 992 1736 SCHENFAL,
1021 1696 1060 1730 ab
1089 1702 1457 1745 OLDERSHAVSEN,
1486 1716 1503 1737 a
1526 1715 1707 1750 SCHENK,
1734 1720 1752 1741 a
1768 1716 2021 1753 SCHLADEN,

750 1751 793 1785 ab
831 1764 1107 1796 VCHTERITZ,
1149 1769 1166 1789 a
1209 1769 1549 1807 WEFERLINGEN,
1584 1777 1601 1798 a
1637 1778 1968 1812 WENDHAVSEN,
2000 1783 2020 1804 a

750 1821 940 1845 WVLFEN
984 1833 1033 1840 —-
1077 1815 1169 1849 Anna
1190 1816 1362 1861 Sophianei
1385 1820 1516 1857 fuerunt
1539 1826 1662 1859 alumni
1684 1834 1715 1860 et
1736 1828 1793 1861 ſub
1808 1829 1892 1863 haud
1907 1832 2019 1873 poeni-

749 1872 851 1905 tendis
860 1872 1032 1919 magiſtris,
1051 1874 1171 1921 Hagiis
1177 1876 1188 1917 ,
1212 1877 1462 1925 Leidenfroſtiis,
1486 1884 1636 1918 Maderis
1643 1888 1656 1927 ,
1676 1888 1900 1936 Augspurgiis,
1907 1892 2017 1926 Goetz-

749 1933 816 1972 iis,
839 1931 992 1967 Nolteniis
1005 1933 1236 1981 Cunonibusque
1251 1938 1368 1973 litteras
1383 1940 1575 1987 didicerunt,
1595 1956 1676 1989 quae
1698 1948 1908 1994 elegantiores
1929 1951 2014 1985 audi-

747 1999 814 2027 unt.
861 1991 982 2034 Quibus
996 1993 1147 2029 omnibus
