3068 4660
1289 120 1768 174 — 162 —
262 294 2797 366 negirend gegen sie verhält. Die sozialistische Gesellschaft dürfte
258 1887 2803 1959 wenig würdig die Rolle ist, die sie in einer auf Arbeit und Wissen-
261 381 2799 455 demgemäss alle bisher gewohnten und gepflegten Beziehungen zu reli-
261 468 2797 544 giösen Organisationen einfach lösen, und die Religion zur Privatsache
263 557 2798 641 erklären und auf ihre eigenen Füsse stellen. Dies bedeutete: absolute
237 637 2800 716 Trennung des Staats und der Commune von der Kirche, und Tren-
264 736 2804 808 nung der Kirche von der Schule; Entziehung jeder materiellen oder
260 824 2804 898 geistigen Unterstützung aus Mitteln und Hülfsquellen des Gemeinwesens;
260 913 2804 982 Beseitigung alles dessen aus dem Unterricht, was mit ihr in Verbin-
261 1002 2827 1072 dung und Beziehung steht. Das Grundeigenthum der Kirchen würde,
260 1090 2803 1160 wie alles Grundeigenthum, Gemeingut und wäre den Communen zu
260 1177 2802 1250 überweisen*), ihr Silber und Gold und ihre Geräthe möge sie nach
257 1266 2800 1336 Belieben verwenden, so gut wie jeder Privatmann über sein Gold und
261 1353 2801 1426 Silber oder seinen Hausrath verfügen kann. Im übrigen dürften die
257 1444 2805 1515 Kirchen den Gläubigen, wie jeder andern Vereinigung von Staats-
259 1532 2804 1604 bürgern, zu ihren Versammlungen zur Verfügung stehen. Die Gläu-
260 1616 2799 1693 bigen werden wohl ihre Meinungen gegen die Meinungen der Andern
259 1708 2801 1785 in Kampf bringen und sie mögen sehen wie weit sie kommen**). Ich
258 1798 2804 1870 glaube indess, die meisten ihrer Diener werden bald einsehen, wie
401 2056 2807 2124 *) Man darf vielleicht hoffen, dass die Kirche, wenn es sich einmal darum
262 3612 2525 3676 Man besitzt das Eigenthum Anderer, wenn man Ueberflüssiges besitzt.
261 2129 2803 2195 handelt, den Communismus praktisch eiuzuführen, umsoweniger sich dagegen
258 2199 2807 2264 sträubt, als dieser Gesellschaftszustand thatsächlich wesentlichen Glaubenssätzen
261 2270 2808 2336 des Neuen Testaments entspricht und von den hervorragendsten Kirchenlehrern
261 2340 2808 2406 als der allein richtige Menschheitszustand anerkannt wurde. Zu den bereits
261 2411 1794 2478 citirten Aussprüchen mögen noch einige folgen:
402 2483 2808 2548 Gregor der Grosse: Es ist noch nicht genug, das Gut Anderer nicht zu
259 2553 2810 2635 rauben; vergebens glauben Jene, sie seien unschuldig, welche die Güter, die
261 2624 2810 2705 Gott Allen gemeinsam gegeben hat, sich selbst zueignen; indem sie den
257 2695 2811 2761 Andern nicht geben, was sie erhalten haben, werden sie zu Mördern und
261 2768 827 2832 Todtschlägern.
402 2837 2809 2904 Gegen diese Kraftsprache ist das Condorcet-Brissot'- und Proudhon'sche:
265 2908 2810 2975 „Eigenthum ist Diebstahl“ zimperliches Geflüster. Fast noch wilder spricht
261 2979 2808 3061 Gregor von Nanzianz. Er sagt: „Es wäre besser uud gerechter gewesen,
261 3049 2808 3114 da wir ja Alle Brüder, durch die Bande des Bluts und der Natur verbunden
260 3120 2807 3185 sind, wenn wir Alles unter Alle gleich vertheilt hätten. Wenn Einer sich zum
260 3191 2809 3256 Herrn über alles Gut erheben will, Alles einzig besitzen möchte und seine
260 3261 2810 3325 Brüder vom dritten oder vierten Theil ausschliesst, so ist dieser da kein Bruder
259 3332 2805 3399 mehr, sondern ein unmenschlicher Tyrann, ein grausamer Barbar,
262 3403 2802 3469 oder vielmehr ein wildes Thier, dessen Rachen immer aufgesperrt ist, um
264 3475 2058 3540 einzig und allein die Nahrung Andrer zu verzehren.
405 3544 2804 3609 St. Augustin: „Der Ueberfluss der Reichen ist das Nothwendige der Armen.
406 3686 2804 3753 **) Wenn die neue Gesellschaft die vorbezeichneten Massregeln ergreift,
262 3756 2809 3821 wird Jeder einsehen, dass dem Sozialismus nichts ferner liegen kann, als religiöse
263 3826 2806 3894 Ueberzeugungen mit gewaltsamen Mitteln zu bekämpfen. Die Redensarten, wie:
267 4462 2043 4527 dem um fast hundert Jahre älter und klüger geworden.
263 3897 2808 3961 die Sozialdemokratie will den Menschen ihren Gott aus dem Herzen reissen,
263 3968 2809 4032 oder: sie will die Religion „abschaffen“, sind Redensarten, erfunden von Schurken
264 4038 2831 4103 oder Dummen, um noch Dümmere zu bethören. Die Sache liegt sehr einfach:
267 4109 2806 4174 existirt ein Gott, so kann ihn die Sozialdemokratie nicht abschaffen, existirt
266 4180 2806 4243 er nicht, so braucht sie ihn nicht abzuschaffen. Damit können sich unsere
267 4248 2807 4316 Gläubigen zufrieden geben. Jedenfalls sind die Zeiten vorbei wo man das
271 4320 2804 4385 „höchste Wesen“ eines Tages durch Volksbeschluss abschafft und es an einem
268 4390 2802 4444 andern Tage durch Conventbeschluss wieder einsetzt. Die Menschheit ist seit-
