3068 4660
1274 119 1755 173 — 140 —
250 291 2785 353 hochbedeutsame Gartenwirthschaft ihre allerschönsten Blüthen ent-
250 383 456 441 falten.
429 468 2787 543 Sicher giebt es keine gesündere und, wenn mit Maass geübt,
249 556 2788 628 auch keine angenehmere Beschäftigung wie die Garten- und Gärtner-
250 645 2786 717 arbeit. Diese ist und bleibt vornehmlich vorzugsweise Handarbeit,
250 734 2789 804 womit selbstverständlich nicht gesagt ist, dass nicht die Hülfswerk-
252 821 2787 894 zeuge wie die ganze Art der Bewirthschaftung bedeutende und steigende
248 910 2789 980 Verbesserungen erfahren werden. Die Gartenarbeit bietet tausender-
253 1885 2598 1950 schwunden, das für Alle gleiche Culturniveau erreicht.
250 999 2793 1071 lei Reize und bewährt sich stets als sehr dankbar. Da bei der stetig
250 1087 2790 1159 dichter werdenden Bevölkerung die Nachfrage nach Nahrungsmitteln
250 1175 2791 1247 ebenfalls steigt, so bietet gerade die höhere Garten-, Gemüse- und
252 1265 2791 1336 Obstzucht ein hochwichtiges und fast unerschöpfliches Feld. Was
252 1354 2790 1425 heute Produkt vereinzelt stehender hoher Gartenkunst ist, jene pracht-
250 1442 2791 1513 vollen Gemüse, Wurzeln-, Knollen- und Obstsorten, die wir auf Garten-
250 1530 2793 1601 Ausstellungen bewundern, wird ohne Zweifel in der Gartenwirthschaft
253 1617 2789 1691 der Zukunft allgemeines Ergebniss werden. So wird jede Commune
252 1709 2789 1779 eine bis zu einem gewissen Grade abgeschlossene Wirthschaft haben.
251 1797 2794 1868 Der Gegensatz zwischen Stadt- und Landbevölkerung ist ver-
428 1974 2794 2045 Unsere bisherigen Ergebnisse lassen sich in folgender Weise zu-
253 2062 764 2120 sammenfassen :
434 2170 2794 2240 1. Das Volk besitzt das volle, uneingeschränkte Selbstbestim-
544 3583 841 3660 seitigt*).
548 2255 2794 2329 mungsrecht. Einen Klassengegensatz giebt es nicht mehr, es
550 2348 2799 2416 existiren weder Herrscher noch Beherrschte, weder Regierer
540 2436 2793 2510 noch Regierte. Die demokratische Gleichheit in der Gleich-
540 2524 1369 2595 ordnung ist vorhanden.
434 2612 2794 2684 2. Alle wichtige industrielle, gewerbliche und ackerbauliche Thä-
540 2702 2776 2772 tigkeit ist in die Grossproduktion übergegangen und concentrirt,
541 2787 2795 2861 die Distribution ebenfalls. Alle Thätigkeit wird gesellschaftlich
542 2876 2057 2950 auf fortschreitender Stufenleiter ausgeübt.
432 2965 2789 3037 3. Die Gegensätze unter den einzelnen Berufsarten in Gewerbe,
539 3054 2792 3125 Verkehr und Industrie sind durch die Berufserleichterung und
541 3142 2795 3214 die Möglichkeit, von dem einen in das andere, sei es zeitweilig
544 3231 2794 3303 oder dauernd, überzugehen, ausgeglichen. Dasselbe ist zwischen
543 3319 2793 3392 den genannten Beschäftigungen und dem Ackerbau der Fall.
540 3408 2796 3482 Der heutige Gegensatz zwischen Land- und Stadtbevölkerung
543 3497 2795 3569 mit ihrer Interessen- und Bildungs- Verschiedenheit ist be-
399 3754 2795 3821 *) Herr Prof. Ad. Wagner kann sich in dem schon citirten Werk keine
255 3825 2797 3890 Vorstellung machen, was werden soll, wenn der kleine Bauernstand verschwindet.
254 3895 2798 3963 Er sagt wörtlich S. 643: „Das private kleine ländliche Grundeigenthum bildet
257 3967 2812 4032 eine durch keine andere Einrichtung zu ersetzende ökonomische Basis für einen
261 4459 2794 4527 in seiner jetzigen Stellung ein nützliches Culturelement bildet. Der kleine
257 4038 2797 4103 hochwichtigen Theil der Bevölkerung, einen unabhängigen, selbstständigen
256 4108 2795 4174 Bauernstand und dessen eigenthümliche sozialpolitische Stellung und Funktion.“
258 4176 2795 4245 Wenn der genannte Autor nicht aus blosser conservativer Neigung à tout prix
260 4248 2794 4315 für diesen kleinen Bauernstand schwärmt, wird er zugeben müssen, dass nach
259 4318 2795 4387 meiner bisherigen Darlegung derselbe sich weder in der beneidenswerthen Lage
260 4388 2794 4457 befindet, die er glaubt voraussetzen zu können, noch dass er für die Zukunft
