3068 4660
1292 118 1778 171 — 170 —
265 290 2802 364 verluste, — wer, frage ich, will die Grenze des Ertrags von
265 377 2805 439 allen diesen und anderen Vortheilen, die sich mit fortschreitender
266 553 2440 622 wohner bestimmen, die dadurch ernährt werden könnten?*)
268 466 2803 536 Cultur sicher herausstellen werden, feststellen und die Zahl der Be-
444 645 2803 712 Ich will einmal unterstellen, es sollten heute schon alle diese
264 1531 1761 1600 Möglichkeit dazu sich herausstellt.
263 720 2791 803 Massregeln in Angriff genommen werden, so würde sich herausstellen,
264 821 2808 891 dass um sie allgemein und voll auszunutzen, wir bei weitem
265 910 2813 980 nicht genug Menschen hätten und unsere Landsleute, statt
265 999 2809 1067 nach anderwärts auszuwandern, nach Deutschland zurück-
262 1086 2811 1143 wandern müssten. Nun wird selbstverständlich eine Gesellschaft
266 1174 2807 1245 sich nicht das Ziel stellen, das was sie für die Zukunft für möglich
262 1264 2807 1334 hält, in einer gegebenen Zeit zu verwirklichen, sondern sie wird sich
263 1352 2808 1424 begnügen, diese umfassenden Veränderungen in dem Maasse zu er-
262 1441 2811 1512 weitern, als die Nothwendigkeit und damit die bequemere
438 1618 2805 1689 Gilt das aber von dem gegenwärtigen Bevölkerungsstand und dem
261 1707 2808 1778 Zustand der Dinge in Deutschland, so gilt das in noch weit höherem
263 1796 2810 1866 Grade von den meisten Ländern des übrigen Europa, und ich setze
263 1883 2805 1953 hinzu, von seinen schönsten und fruchtbarsten; von fremden
267 1963 1585 2044 Erdtheilen vorläufig ganz abgesehen.
441 2061 2811 2132 Nicht allein könnten Frankreich und England unter den verän-
267 2150 2811 2219 derten Verhältnissen — man denke unter anderm an die ungeheure
261 2415 2811 2490 als doppelt so viel Einwohner hatte als heute***) — ganz gewaltig
262 2239 2810 2310 Bodenverschwendung der grossen Landlords in England und Schott-
261 2325 2814 2408 land zu Jagdgründen **) und an den Zustand Irlands, das früher mehr
404 2657 2809 2724 *) Neuerdings ist die württembergische Regierung auf den guten Einfall
264 3153 2726 3218 culturen zu benutzen, zu welchem Zweck sie dann die Dächer flach bauten.
261 2728 2811 2795 gekommen, die Böschungen der Eisenbahnen versuchsweise mit Zwergobst-
263 2799 2809 2866 bäumen zu bepflanzen. Obgleich diese kaum die ausreichende Pflege, wie in
262 2869 2809 2936 einem sozialistisch organisirten Gemeinwesen finden werden, so dürfte doch im-
261 2940 2814 3008 merhin ihr Ertrag beträchtlich sein und, in Geldwerth ausgedrückt, dem Staate
262 3009 2811 3078 einen ansehnlichen Vortheil einbringen. Warum sollen die Menschen nicht auch
265 3081 2811 3147 noch auf den Gedanken kommen, die Dächer ihrer Häuser fär gewisse Pflanzen-
410 3275 2808 3342 **) „Zwei Millionen Acker, welche die fruchtbarsten Ländereien
267 3345 2814 3415 Schottlands einbegreifen, sind ganz und gar wüst gelegt. Das natürliche Gras
261 3416 2812 3485 von Glen Tilt zählt zu den nahrhaftesten der Grafschaft Perth; der Deer forest
265 3487 2810 3557 (Wildpark) von Ben Aulder war der beste Grasgrund im weiten Distrikt von
262 3558 2812 3626 Badenoch; ein Theil des Black Mount Forest war das vorzüglichste schottische
264 3627 2809 3698 Weideland für schwarzgesichtige Schafe. Von der Ausdehnung des für Jagd-
264 3700 2814 3769 liebhaberci wüstgelegten Grund und Bodens mag man sich eine Vorstellung
262 3770 2811 3840 bilden aus der Thatsache, dass er einen viel grösseren Flächenraum umfasst,
265 3840 2809 3907 als die ganze Grafschaft Perth. Der Verlust des Landes an Produktionsquellen
263 3911 2806 3981 in Folge dieser gewaltsamen Verödung mag man daraus schätzen, dass der Boden
263 3983 2811 4051 des Wildparks von Ben Aulder 15,000 Schafe nähren könnte und dass er nur
1419 4264 2665 4332 Karl Marx „Das Kapital“, 2. Auflage.
266 4053 2811 4121 ein Dreissigstel des gesammten Jagdreviers von Schottland beträgt.
265 4122 2811 4192 ... All dieses Jagdland ist durchaus unproduktiv. ... es hätte ebensowohl in
271 4195 1886 4250 den Fluten der Nordsee versenkt werden können.“
408 4390 2217 4457 ***) So sorgt der Herr, dass Hirsch und Ochs,
862 4464 2104 4524 Das heisst: dass ihn sein Bauer mäste,
