3068 4660
1289 118 1770 172 — 180 —
268 290 2811 361 die Menschheit eingeschlagen werden können. Sinken wir im Laufe
267 379 2803 453 des Kampfes, so treten unsere Nachkommen und die uns Nachstre-
255 468 2804 538 benden für uns ein; wir sinken in dem Bewusstsein, unsere Schuldig-
267 556 2813 625 keit als Menschen gethan zu haben, und dass das Ziel erreicht wird,
268 643 2809 705 wie immer die dem Fortschritt der Menschheit feindlichen Mächte
267 732 1348 806 sich dagegen sträuben mögen.
775 4435 2295 4500 Schweizerische Vereinsbuchdruckerei, Hottingen - Zürich.
