1318 2366
485 266 825 294 — 21 —
240 354 1158 431 „B'huͤtis Gott!*) fiel ſie mir laͤchelnd
158 1086 489 1143 Schnitze††).“
155 440 1161 504 ins Wort, „was wuͤrdet Ihr denken von
154 517 1162 587 mir, wenn ich hier oben blieb, da Ihr hier
156 596 1162 672 ſeid. Das muͤßte ja ein wuͤſcht Maidli***)
156 673 1161 749 ſeyn. Nein, ich werde ein wenig mit Euch
156 755 1162 824 noch verweile, wenn Ihr mir erlaubt, und
157 831 1162 902 dann gehe ich nach Haus, und ſende Euch
155 911 1164 984 j'Nachteße***) herauf, denn der Senn hat
158 993 1163 1063 nichts, als neimis Rauf†), Schlipmilch und
240 1149 1166 1223 Sie ſprach gern und viel, und so traulich,
141 1233 1165 1306 wie ein Kind, und dann doch wieder ſo ver-
137 1302 1168 1382 ſtaͤndig und unterrichtet, wie kaum ein Maͤd-
161 1390 1171 1458 chen aus unſern erſten Zirkeln. Ihr Schwei-
158 1469 1169 1540 zeriſch-Hochdeutſch klang in ihrem kleinen
211 2041 816 2099 ††) Buttermilch und Backobſt.
203 1685 540 1733 *) Gott bewahre.
205 1762 1034 1825 **) Leichtfertiges, unbeſonnenes Maͤdchen.
206 1866 523 1914 ***) Abendeſſen.
208 1956 628 2003 †) Etwas Brodrinde.
