1318 2366
501 300 894 341 — 28 —
196 399 1199 458 die Kinder, die an der Mutter Bruſt ſterben;
186 1279 623 1338 des ſeyd Ihr Herr?
195 479 1201 546 die ſind fr dieß Leben nicht. Die Luft des
190 560 1199 620 Irdiſchen iſt ihnen zu ſchwer, ſie ſtreben zum
190 638 1199 698 reineren Aether. Aber unſere Goldquellen
191 721 1199 778 muß ich Euch zeigen; denn wenn ihr das Tri-
191 781 1202 866 folium Alpinum, und den Astragulus, und
192 880 1198 938 den Romey*), und den Mutteri**), und die
190 959 1197 1018 Butterblume***) und die Pimpinella alba
191 1033 1197 1096 bei Euch verpflanzen knntet, dann brauch-
188 1114 1197 1177 tet Ihr unſern Kſe nicht, dann knntet Ihr
188 1196 1196 1256 ihn ſelbſt dort bei Euch bereiten. Wes Lan-
272 1357 1196 1416 „Dein Freund Wildenow iſt mein Lands-
187 1442 373 1489 mann!“
273 1514 1197 1575 „Was? – da iſt ja wohl dies?“ auf
183 1596 1193 1656 meine Bruſt deutend – „das eiſerne“ – das
183 1752 1192 1815 berraſcht. „O, ſeyd mir doch tauſendmal
184 1673 1193 1730 Wort blieb ihr im kleinen Munde, ſo war ſie
227 1902 633 1953 *) Plantago alpina
225 1985 1105 2044 **) Phellandium mutellina, Alpenfenchel
225 2087 635 2137 ***) Apargia aurea
