1318 2366
464 253 887 282 — 112 —
219 1919 1181 1977 *) Es iſt das Titelkupfer, von Wocher gemalt,
291 2035 643 2086 treu und aͤhnlich.
289 1976 1183 2035 und dem liebenswuͤrdigen Originale hoͤchſt
176 353 1179 417 ſah ich ſie noch einmal; ſie winkte mit ih-
174 429 1179 492 rem weißen Tuche zu mir herab, ſie warf
171 844 422 889 der. – –
174 513 1177 570 mir mit ihren Roſenfingern die freundlich-
174 591 1175 656 ſten Kuͤſſe noch zu, und breitete, auf das
172 671 1176 734 Wiederſehn deutend, die Arme nach dem
173 751 1177 812 Thale aus. Dann ſah ich ſie nicht wie-
257 989 1184 1052 So weit die Geſchichte meines gluͤckli-
168 1309 1178 1367 des Neidenswerthen Stelle geweſen zu ſeyn.
171 1073 1176 1133 chen Freundes, an der ich weiter keinen
168 1134 1177 1214 Theil habe, als das Vergnuͤgen, ſie erzaͤhlt
169 1220 1175 1294 zu haben, und den bittern Groll, nicht an
256 1380 1176 1456 Mimili hat ihm ihr Bild geſandt, *)
171 1467 1175 1533 und ſeitdem, daß ich es geſehen, verzeihe ich
171 1543 1178 1618 ihm, daß er ſeit ſeiner Ruͤckkunft aus der
173 1789 561 1854 als ſeine Mimili.
175 1621 1176 1692 Schweiz ungenießbar iſt fuͤr jedermann,
172 1705 1181 1767 und nichts weiter denkt und ſinnt und weiß,
