1318 2366
478 256 876 300 — 40 —
232 1753 1207 1803 Wenn man ſich eine lebendige Vorſtellung von
280 1810 1207 1862 der Wohnung eines reichen Schweizerlandman-
285 2038 664 2085 breit und 14" hoch.
282 1865 1207 1912 nes machen will, muß man das vortreffliche
282 1923 1205 1971 Blatt von Rieter (la maison de paysan suisse)
285 1973 1209 2030 zur Hand nehmen; es koſtet 32 Liv. und iſt 19"
176 356 1187 418 und das ſßeſte Verlangen der keuſcheſten Liebe
174 438 1190 498 funkelte in der veilchenblauen Tiefe ihres
176 521 672 575 ſchmachtenden Blickes.
259 599 1188 655 „Laßt uns gehen,“ ſagte ſie endlich, nach
177 679 1190 737 der ſeligſten Pauſe meines Lebens, wie aus ei-
179 753 1190 813 nem Traume erwacht; und ich ſtand ſchweigend
178 838 1193 893 auf, und ging an ihrem Arme in die ſtillen
180 915 1195 972 Thler hinab. Wir konnten beide eine lange
181 995 1199 1053 Weile nicht ſprechen, ſo wohl, ſo unaus-
180 1076 1199 1135 ſprechlich wohl war uns. Wir waren jetzt
180 1152 1199 1208 unter einander als Bruder und Schweſter.
181 1233 1200 1291 Wir hatten uns ohne Worte verſtanden. Die
184 1315 745 1368 Liebe bedarf keiner Laute.
269 1389 1206 1448 Als wir der Wohnung*) des Vaters n-
185 1472 1202 1529 her kamen, ſprang Mimili voraus, um mich
186 1548 1204 1608 ihm zu melden; der Alte, ein wahres Kabi-
189 1626 1206 1688 netsſtck von Denner, kam mir freundlich ent-
