1732 2383
234 337 252 389 1
317 329 477 379 Bartel
492 324 641 373 Nickel
653 325 716 369 ein
730 320 869 373 alter/
880 322 1008 369 dicker
1018 322 1139 375 Man
1150 324 1258 381 /hat

368 391 485 430 einen
499 383 664 437 weiſſen
679 383 834 433 langen
856 378 968 425 bart.

237 509 265 539 2
315 494 472 548 Jtem/
484 488 630 538 Hans
642 486 941 541 Teichknecht.

237 617 261 656 3
310 599 475 650 Mertin
489 607 574 641 von
592 594 788 648 Leyptzig
800 597 827 646 /
849 598 918 639 der
932 595 1010 648 hat
1020 597 1083 641 ein
1098 595 1258 646 Weib/

368 655 515 702 macht
526 656 640 696 einen
654 650 817 704 groſſen
832 652 973 707 bauch
985 657 1014 707 /
1029 657 1115 697 vnd
1126 652 1257 707 ſtehet

362 719 439 755 vor
452 712 521 753 der
536 706 739 758 Kirchen.

236 831 270 875 4
331 815 489 870 Jtem/
502 814 636 865 Pauel
659 812 876 861 Mertens.

235 942 262 982 5
325 919 487 970 Moritz
509 915 699 967 Schone
722 919 786 961 ein
807 918 954 969 langer
977 916 1097 964 Man
1122 919 1149 970 /
1173 918 1257 971 hat

352 979 467 1018 einen
481 974 636 1020 langen
655 975 748 1014 bart
762 978 784 1018 /
800 972 855 1014 vñ
867 978 984 1014 einen
999 974 1257 1023 ſchwartzen

365 1026 698 1081 Wappenrock/
698 1026 787 1081 vnd
801 1023 895 1082 gele
895 1023 1100 1082 ſtruͤmpff
1120 1028 1256 1081 hofen

362 1093 437 1128 an.

233 1144 263 1183 6
332 1140 481 1185 Adam
495 1146 579 1179 von
594 1133 815 1189 Forcheim
830 1136 858 1185 /
870 1133 948 1185 hat
960 1138 1075 1179 einen
1100 1137 1257 1184 Baur-

364 1191 458 1236 rock
470 1203 527 1235 an
540 1196 565 1242 /
582 1194 659 1233 mit
670 1191 886 1244 geſtickten
902 1192 1054 1236 valten.

234 1314 262 1346 7
314 1299 485 1355 Jtem/
492 1298 615 1353 Peter
630 1295 776 1348 Koch.

239 1410 264 1447 8
313 1404 477 1454 Greger
493 1402 723 1453 Schreiber
736 1402 783 1454 iſt
797 1403 887 1445 wol
906 1404 1045 1452 gelert.

236 1526 263 1566 9
313 1509 478 1559 Mertin
501 1506 765 1559 Kauffman.

238 1630 277 1658 10
343 1614 490 1666 Hans
511 1609 906 1662 Mummenſchuͤrer
919 1614 945 1662 /
958 1613 1004 1665 iſt
1016 1616 1077 1657 ein
1091 1616 1256 1658 nidder-

382 1672 528 1721 ſtem̃ig
552 1668 709 1716 Man/
730 1667 835 1713 Vnd
849 1670 926 1719 hat
937 1674 998 1713 ein
1015 1671 1186 1718 Weib/
1186 1671 1257 1718 die

375 1727 455 1775 hat
467 1728 581 1767 einen
604 1723 815 1774 geflickten
832 1728 1019 1778 mantel/
1040 1728 1123 1769 vnd
1136 1731 1255 1770 einen

379 1779 633 1833 ſchwartzen
648 1780 727 1831 hut
740 1778 857 1834 auff.

320 1886 542 1937 Hartwig
557 1895 642 1929 von
656 1883 897 1938 Kitzingen.

235 2004 277 2037 12
340 1990 489 2043 Adam
503 1993 630 2046 Velck
650 1994 791 2043 bader.

892 2050 938 2101 A
962 2052 1012 2105 iij

1129 2047 1256 2105 Peter
