1168 2020
300 129 330 159 2

589 112 668 159 Die
692 110 844 162 Raͤuber
844 110 855 162 ,

302 219 428 254 meinem
450 217 555 255 Sohne
576 217 688 256 ſchreibt
709 215 740 249 er
740 215 760 249 ?
780 229 820 239 —
840 213 895 247 wie
915 212 1030 255 kommſt
1050 217 1088 248 du
1108 223 1145 258 zu

301 275 388 315 dieſer
410 270 577 312 Beſorgniß
577 270 597 312 ?
617 271 670 304 Du
689 269 749 307 haſt
769 269 840 306 mich
857 271 996 308 zweymal
1014 271 1131 310 gefragt
1131 271 1144 310 .

342 328 448 365 Franz
448 328 458 365 .
502 326 597 358 Wenn
619 323 660 361 ihr
681 322 763 355 krank
784 323 844 360 ſeyd
871 337 913 346 —
933 328 988 351 nur
1006 322 1049 354 die
1067 321 1129 359 leiſe
1129 321 1144 359 -

300 383 340 422 ſte
360 383 508 420 Ahndung
529 377 599 416 habt
619 379 651 407 es
671 384 706 416 zu
728 378 842 412 werden
842 378 858 412 ,
878 376 908 415 ſo
930 374 993 413 laßt
1012 374 1084 409 mich
1098 387 1141 396 —

298 435 341 473 ich
363 434 423 466 will
444 441 480 472 zu
500 433 658 472 gelegnerer
679 429 740 470 Zeit
760 439 793 470 zu
815 430 879 466 euch
906 429 988 462 reden
988 429 1001 462 ,
1032 433 1081 459 halb
1102 436 1141 456 vor

297 496 337 522 ſich
337 496 346 522 .
388 487 477 527 Dieſe
491 487 612 527 Zeitung
626 483 659 524 ist
678 483 752 522 nicht
773 480 821 523 fuͤr
835 483 915 515 einen
928 480 1140 520 zerbrechlichen

294 543 410 584 Koͤrper
410 543 420 584 .

335 598 372 629 D
372 598 382 629 .
405 604 427 628 a
427 604 439 628 .
462 594 574 628 Moor
574 594 585 628 .
628 590 706 625 Gott
706 590 722 625 !
744 589 822 625 Gott
822 589 837 625 !
858 590 924 622 was
938 590 1012 621 werd
1028 588 1069 625 ich
1090 585 1124 626 hoͤ
1124 585 1138 626 -

293 637 351 671 ren
351 637 369 671 ?

335 677 445 718 Franz
445 677 457 718 .
500 673 571 712 Laßt
592 674 664 710 mich
685 672 787 710 vorerſt
805 672 861 711 auf
879 672 922 705 die
943 671 1030 705 Seite
1050 670 1125 710 gehn
1125 670 1135 710 ,

293 734 352 763 und
376 730 438 760 eine
457 726 555 761 Traͤne
577 729 628 757 des
641 725 779 760 Mitleids
796 725 944 764 vergießen
957 734 1007 756 um
1023 724 1135 755 meinen

291 785 443 816 verlornen
466 780 580 813 Bruder
598 795 640 800 —
662 778 700 816 ich
722 779 799 816 ſollte
820 776 969 817 ſchweigen
992 777 1047 814 auf
1062 777 1134 817 ewig

291 852 332 860 —
354 838 428 867 denn
455 842 484 865 er
505 833 538 871 ist
561 841 624 865 euer
637 832 732 869 Sohn
732 832 747 869 :
769 830 826 867 Jch
837 829 913 868 ſollte
928 830 1000 867 ſeine
1016 830 1118 864 Schan
1118 830 1132 864 -

290 891 323 921 de
345 885 491 923 verhuͤllen
507 887 562 926 auf
581 886 651 925 ewig
672 900 713 908 —
732 888 804 916 denn
818 892 846 915 er
866 884 899 923 iſt
913 885 989 917 mein
1006 884 1121 916 Bruder
1121 884 1133 916 .

289 960 332 967 —
360 943 438 976 Aber
465 942 530 978 euch
559 940 709 980 gehorchen
737 937 769 975 iſ
793 937 885 970 meine
911 937 979 977 erſte
1006 936 1136 976 traurige

289 998 397 1037 Pflicht
419 1010 459 1018 —
481 995 583 1026 darum
605 990 718 1032 vergebt
738 991 794 1024 mir
794 991 802 1024 .

329 1052 365 1085 D
365 1052 377 1085 .
398 1057 422 1082 a
422 1057 434 1082 .
457 1048 569 1082 Moor
569 1048 581 1082 .
621 1047 652 1080 O
668 1043 744 1078 Karl
744 1043 760 1078 !
772 1042 848 1077 Karl
848 1042 865 1077 !
886 1040 1007 1081 wuͤßteſt
1023 1042 1060 1072 du
1075 1041 1132 1073 wie

286 1105 369 1138 deine
389 1098 574 1142 Auffuͤhrung
597 1101 652 1131 das
674 1097 830 1135 Vaterherz
851 1095 950 1135 foltert
950 1095 965 1135 !
990 1091 1054 1129 Wie
1069 1095 1132 1127 eine

286 1160 395 1200 einzige
418 1157 499 1196 frohe
520 1151 674 1189 Nachricht
688 1157 744 1181 von
766 1150 808 1181 dir
828 1148 948 1180 meinem
975 1144 1061 1181 Leben
1088 1154 1118 1185 ze
1118 1154 1130 1185 -

284 1213 340 1251 hen
362 1210 457 1249 Jahre
479 1208 596 1247 zuſetzen
618 1202 713 1237 wuͤrde
734 1217 773 1227 —
795 1201 864 1239 mich
887 1207 951 1240 zum
982 1195 1128 1236 Juͤngling

284 1266 404 1301 machen
424 1259 523 1294 wuͤrde
545 1275 586 1281 —
615 1260 652 1289 da
669 1254 741 1291 mich
760 1263 821 1287 nun
840 1253 901 1292 jede
901 1253 912 1292 ,
933 1251 986 1290 ach
986 1251 999 1290 !
1030 1264 1070 1271 —
1092 1248 1116 1280 ei
1116 1248 1129 1280 -

283 1325 341 1350 nen
363 1316 483 1352 Schritt
503 1309 590 1349 naͤher
610 1312 668 1342 ans
688 1309 773 1343 Grab
794 1307 872 1342 ruͤckt
872 1307 885 1342 !

322 1368 445 1410 Franz.
486 1365 536 1404 Iſt
556 1368 589 1397 es
604 1366 659 1399 das
659 1366 671 1399 ,
691 1363 763 1395 alter
779 1361 879 1397 Mann
903 1357 930 1397 ſo
943 1355 1000 1389 lebt
1014 1353 1070 1388 wol
1085 1368 1126 1377 —

282 1425 336 1458 wir
356 1424 410 1456 alle
432 1418 549 1454 wuͤrden
573 1418 642 1455 noch
665 1416 745 1454 heute
775 1415 818 1447 die
838 1415 940 1455 Haare
967 1407 1128 1446 ausraufen

280 1477 352 1511 uͤber
374 1484 471 1508 eurem
492 1473 597 1512 Sarge
597 1473 607 1512 .

323 1533 361 1564 D
361 1533 371 1564 .
392 1526 413 1561 a
413 1526 426 1561 .
447 1527 559 1562 Moor
559 1527 576 1562 .
610 1521 699 1556 Bleib
699 1521 719 1556 !
738 1536 779 1544 —
800 1518 845 1554 Es
866 1515 900 1554 iſt
921 1512 990 1547 noch
1009 1519 1057 1543 um
1071 1511 1126 1540 den

281 1584 390 1617 kleinen
413 1581 513 1618 kurzen
533 1575 651 1613 Schritt
672 1582 705 1612 zu
729 1575 800 1609 thun
821 1586 859 1593 —
891 1569 938 1605 laß
961 1566 1018 1602 ihm
1035 1562 1126 1599 ſeinen

282 1636 398 1673 Willen
398 1636 412 1673 ,
433 1639 505 1663 indem
526 1641 548 1661 er
568 1629 607 1662 ſich
635 1625 749 1662 niederſetzt
749 1625 757 1662 .
798 1624 856 1661 Die
887 1618 1013 1656 Suͤnden
1040 1614 1127 1651 seiner

1032 1665 1127 1702 Vaͤter
