1844 2888
823 213 869 278 17

309 300 405 367 Als
429 322 531 367 nun
555 314 639 365 der
659 306 827 383 Koͤnig
849 318 987 372 ward
1007 312 1243 387 geſtochen

309 382 513 444 Bekam
533 394 617 444 der
627 382 787 458 Hund
795 392 919 459 ,eins
937 404 1007 449 an
1029 402 1117 456 den
1127 395 1385 464 Knochen:

307 456 497 522 Damit
521 458 773 528 verfluchte
797 464 853 535 ſie
877 464 1109 541 die Kegel

310 536 426 600 Und
446 538 552 608 hieß
570 547 658 601 den
670 537 920 612 Schieber
938 547 1076 606 einen
1100 544 1286 612 Flegel.

280 629 390 683 XV.
420 622 551 703 Bey
572 625 625 700 ſo
650 624 899 701 beſtellten
920 629 1187 715 Sachen/
1202 640 1348 724 halte
1375 639 1452 728 ich

231 699 356 777 dieſe
365 696 764 785 Vermehrung
775 710 865 778 der
865 710 1072 778 Reime
1081 725 1184 781 vor
1193 715 1455 798 uͤberfluͤſ-

229 777 341 855 ſig/
375 785 487 846 und
509 783 687 852 werde
711 788 829 851 mir
861 789 999 865 nicht
1021 793 1103 857 die
1121 788 1311 862 Muͤhe
1327 801 1452 876 neh-

228 864 381 933 men/
390 855 633 934 dieſelben
664 865 787 927 dem
820 864 1232 947 nachfolgenden
1249 875 1447 944 Reim-

224 933 471 1014 Regiſter
488 939 923 1017 einzuverleiben.

294 1020 428 1073 XVI.
448 1017 608 1088 Was
618 1020 696 1085 die
706 1017 1034 1101 Verſetzung
1044 1028 1136 1096 der
1146 1021 1349 1097 Reime
1361 1025 1443 1096 be-

223 1085 392 1168 trifft/
403 1089 455 1169 ſo
467 1082 645 1173 haben
665 1092 758 1173 ſich
775 1109 877 1165 vor
889 1104 1129 1179 weniger
1147 1099 1273 1184 Zeit
1285 1112 1446 1177 Leute

222 1167 517 1246 gefunden/
517 1167 705 1246 welche
720 1181 817 1241 den
826 1174 1003 1247 Reim
1016 1183 1180 1265 lieber
1180 1183 1322 1265 zum
1322 1183 1442 1265 An-

222 1245 420 1325 fange/
442 1252 528 1319 als
547 1261 676 1331 zum
698 1249 1002 1337 Ausgange
1032 1262 1128 1328 der
1139 1262 1326 1346 Zeilen
1344 1267 1449 1342 ha-

223 1323 321 1390 ben
333 1329 659 1402 gebrauchen
679 1333 895 1405 wollen.
923 1346 974 1413 z.
974 1346 1033 1413 e.

303 1414 334 1449 1.
389 1401 561 1459 Richtet
577 1408 739 1457 niemals
757 1410 897 1465 fremde
914 1410 1078 1472 Verſe/

385 1464 551 1513 Tichtet
573 1465 688 1514 lieber
706 1475 826 1516 etwas
847 1463 994 1526 beſſers.

294 1529 365 1575 2.
385 1524 493 1576 Laſt
512 1523 570 1571 die
580 1526 735 1581 Tugend
754 1531 987 1583 ungetadelt/

379 1577 505 1637 Haßt
521 1577 699 1638 hingegen
718 1582 789 1631 alle
806 1586 946 1644 Laſter.

292 1641 326 1685 3.
377 1639 526 1692 Laſter
546 1640 620 1693 ſind
638 1643 704 1686 der
712 1642 862 1689 Seelen
880 1642 1091 1693 Wunden/

446 1694 511 1747 Ja
532 1698 577 1750 ſie
596 1697 748 1755 bringen
767 1711 834 1757 gar
854 1704 1058 1749 denTodt:

373 1749 550 1808 Pflaster
566 1752 657 1806 aber
674 1759 749 1811 ſind
770 1760 833 1805 die
850 1755 1061 1817 Spruͤche/

450 1815 526 1860 Da
543 1810 746 1864 uns GOtt
765 1825 828 1870 zur
847 1812 962 1875 Buſſe
981 1813 1086 1875 rufft.

289 1882 445 1943 XVII.
481 1880 641 1960 Nun
641 1880 744 1960 wil
763 1886 836 1966 ich
857 1899 1011 1961 zwar
1029 1893 1151 1960 dem
1165 1888 1432 1973 Erfinder

214 1954 295 2023 die
322 1954 477 2029 Ehre
510 1967 607 2030 der
644 1979 917 2037 curioſitaͤt
942 1967 1083 2043 nicht
1118 1975 1428 2052 diſputirlich

214 2032 462 2111 machen:
492 2037 651 2118 Doch
672 2041 798 2128 weil
798 2041 879 2128 ich
879 2041 991 2128 zur
991 2041 1125 2128 Zeit
1125 2041 1271 2128 nicht
1287 2044 1428 2127 ſehe/

210 2119 340 2179 was
360 2114 456 2190 bey
484 2113 670 2201 ſolcher
688 2120 804 2192 Art
820 2128 944 2193 dem
968 2123 1272 2204 Schreiber
1296 2135 1427 2196 oder

207 2189 332 2257 dem
343 2194 484 2265 Leſer
491 2203 594 2263 vor
603 2198 688 2270 ein
695 2198 958 2280 Vortheil
969 2200 1266 2282 zuwaͤchſt/
1273 2200 1328 2283 ſo
1338 2209 1423 2274 be-

215 2262 374 2345 gehre
395 2260 466 2350 ich
477 2273 618 2344 keine
633 2267 1070 2362 nachzumachen.

283 2348 461 2421 XVIII.
497 2350 691 2425 Wolte
705 2355 846 2428 man
846 2355 1206 2428 vorwenden/
1209 2352 1317 2444 daß
1317 2352 1420 2444 der

200 2411 370 2498 Vers
386 2421 572 2509 ſolcher
580 2427 770 2516 geſtalt
784 2445 892 2508 um
906 2431 960 2516 ſo
968 2430 1076 2506 viel
1092 2428 1232 2510 deſto
1248 2436 1422 2510 kuͤnſt-

854 2517 895 2582 b

1262 2514 1418 2596 licher
