1202 1636
251 135 298 194 ¶
298 135 378 194 Es
389 148 480 183 was
491 138 556 181 ein
563 139 650 184 mal
660 139 724 183 ein
734 138 880 193 reicher
892 140 998 188 baur
1007 146 1054 190 dē

211 200 349 243 wardt
358 194 489 242 allzeit
595 192 708 238 leben
717 196 812 251 ſaur
500 196 581 247 ſein
822 199 881 251 im
891 199 1056 251 ſturben

211 247 320 295 weib
328 253 415 293 vnd
426 244 543 300 kinde
543 244 559 300 /
559 244 603 300 er
612 251 729 298 dacht
739 262 797 293 im
806 256 910 295 vmb
923 257 985 296 ein
994 264 1055 306 gů

212 316 254 349 te
262 304 410 354 pfrund
422 308 513 346 vnd
513 308 588 346 wo
588 308 633 346 er
642 306 706 346 die
716 302 849 348 moͤcht
1005 307 1025 354 fynden
859 307 1005 354 .

207 357 258 414 ¶
258 357 381 414 Eins
390 358 500 399 mals
512 355 673 407 erdacht
682 369 724 400 er
733 362 791 400 im
803 363 868 414 ein
877 363 973 414 ſynn
986 363 999 413 /
1010 373 1054 405 er

209 422 337 467 geing
347 423 397 461 zů
410 413 492 453 einē
504 412 636 464 cloſter
647 412 730 462 hin̄/
743 424 790 463 zů
801 419 877 457 den
887 415 1053 464 münchē

211 469 300 521 thet
311 462 358 517 er
358 462 532 517 lauffen/
544 469 646 508 vmb
659 467 836 521 hundert
836 467 963 521 guldē
963 467 1052 521 thet

211 533 257 566 er
266 533 326 564 im
336 523 398 562 ein
407 529 523 571 gůtte
534 522 700 573 pfrundt
709 518 888 575 kauffen.

208 572 252 632 ¶
252 572 359 632 Sie
370 573 524 627 ſchnittē
535 577 594 616 im
605 576 665 615 ein
678 571 780 617 kuttē
790 576 845 628 an
845 576 863 628 /
863 576 970 628 recht
970 576 1051 628 wie

211 630 300 680 eim
300 630 414 680 leyen
427 626 572 680 bꝛrůder
572 626 587 680 /
587 626 690 680 biſtu
701 633 777 671 den̄
787 634 851 672 ein
864 631 1052 676 bidermā

211 686 254 739 ſo
267 695 362 734 nym
375 687 421 725 dē
430 687 547 726 oꝛden
562 693 611 732 zů
624 684 688 733 dir
688 684 702 733 /
703 684 777 734 des
790 685 937 730 daucht
946 685 1052 736 auch

209 736 294 792 ſich
294 736 369 792 der
379 736 488 790 baur
488 736 648 790 gemeyt
648 736 664 790 /
664 736 715 790 do
729 748 770 779 er
781 741 844 781 die
854 735 957 782 kurttē
968 751 1048 783 ane

211 794 291 842 Ieyt
357 789 497 843 gleicht
292 792 305 840 /
305 792 350 840 er
505 790 583 845 ſich
590 796 719 834 einem
731 791 883 845 pfaffen
883 791 898 845 /
913 805 954 836 er
966 791 1049 840 koꝛt

211 844 294 899 ſich
294 844 441 899 fürbas
453 856 529 887 nitt
537 859 623 889 mer
631 847 733 900 dran
733 847 753 900 /
753 847 843 900 vnd
843 847 935 900 was
947 860 1048 892 man

211 897 286 964 het
286 897 346 964 zů
346 897 517 964 ſchaffen
517 897 551 964 .

211 953 255 1007 ¶
255 953 337 1007 Da
347 958 426 996 das
439 954 501 994 ein
512 953 603 1005 lāge
613 955 691 1007 zeit
691 955 845 1007 gewert
845 955 862 1007 /
862 955 932 1007 der
942 953 1049 999 baur

211 1005 291 1060 ſich
297 1008 357 1048 nit
367 1017 432 1048 me
444 1011 570 1049 drane
581 1004 664 1057 kert
664 1004 680 1057 /
680 1004 724 1057 es
734 1011 816 1052 thet
825 1015 888 1052 die
900 1008 1050 1061 münch

464 1057 480 1111 /
480 1057 533 1112 ſie
205 1058 464 1111 verdrieſſen
543 1061 676 1107 hetten
690 1063 739 1105 all
755 1066 818 1104 ein
834 1075 1046 1116 gemeinen

210 1115 280 1165 rat
280 1115 294 1165 /
304 1127 390 1156 nůn
401 1114 486 1157 hoͤꝛt
496 1127 587 1156 was
601 1115 652 1167 ſie
661 1119 703 1156 in
716 1112 859 1168 hieſſen
859 1112 879 1168 .

210 1163 254 1235 ¶
254 1166 363 1212 Nůn
371 1180 467 1220 nym
477 1172 527 1211 do
539 1181 627 1211 war
636 1174 703 1212 der
713 1171 834 1215 rechtē
845 1173 927 1225 zeyt
927 1173 941 1225 /
951 1177 1041 1218 vnd

211 1224 284 1279 lůg
292 1236 383 1268 was
395 1225 458 1268 dir
469 1226 654 1268 daranne
664 1223 740 1277 leyt
740 1223 755 1277 /
755 1223 805 1277 zů
815 1231 886 1275 der
895 1239 1045 1273 metten
