2319 3928
550 256 626 300 und
640 252 807 308 irrungen
820 252 863 303 in
873 253 955 301 dem
973 255 1104 302 andern
1116 252 1378 310 Jahrhundert.

1670 259 1714 307 89

65 350 141 388 Jahr
155 351 186 385 C.

86 390 129 423 biß
136 391 188 422 CC.

69 426 188 460 Ebenbild

69 461 179 495 Gottes.

211 346 281 373 mit
281 346 319 373 er
325 335 478 384 gewieſen
478 335 496 384 /
496 335 567 384 wie
567 335 629 384 der
635 335 763 380 glaube
763 335 844 380 dem
854 344 949 371 men-

213 383 306 423 ſchen
312 380 406 427 eigen
406 380 462 427 ſey
462 380 481 425 /
488 379 566 413 weil
572 380 608 422 er
615 380 722 422 ſeinen
732 379 808 420 ſinn
814 380 888 421 hat.
894 380 951 422 (f)

216 426 375 468 Gleichwie
388 421 424 465 ſie
438 421 512 465 auch
524 429 585 458 von
595 425 665 458 dem
674 423 844 458 ebenbilde
856 425 949 459 Got-

213 479 272 505 tes
272 479 288 505 /
300 467 378 511 nicht
394 466 470 508 nach
481 468 537 500 den
554 465 679 510 hernach
694 466 851 510 folgenden
861 466 948 510 ſaͤtzen

213 514 334 555 lehreten
334 514 346 555 /
351 509 403 546 als
408 512 449 545 da
458 508 496 552 ſie
501 508 548 545 die
553 514 664 546 worte:
670 510 770 553 laſſet
774 519 845 546 uns
853 516 950 547 einen

208 555 377 598 menſchen
383 554 525 592 machen
534 555 624 592 nach
634 554 766 596 unſerm
777 555 863 589 bilde
876 558 948 591 und

210 598 393 646 gleichheit
393 599 412 644 /
418 597 504 633 allein
511 595 574 642 auf
574 595 750 642 CHriſtum
761 600 867 636 deuten
867 600 884 636 /
884 600 945 636 und

208 642 299 684 dabey
309 640 428 684 lehren:
458 642 536 675 Vor
547 644 624 676 dem
642 641 707 685 fall
718 641 767 685 ſey
782 652 876 682 zwar
889 646 946 677 der

207 685 334 727 menſch
351 685 508 720 GOttes
531 685 605 721 bild
626 693 806 732 genennet
806 693 829 729 /
863 687 945 723 aber

206 731 299 772 nicht
314 728 385 770 also
406 728 563 770 erwieſen
582 730 734 764 worden
734 732 760 764 /
781 728 863 764 weil
886 733 946 765 der

204 773 320 817 Sohn
331 772 487 809 GOttes
498 773 585 811 noch
597 773 694 810 nicht
711 773 845 816 menſch
857 783 948 811 wor-

204 819 283 854 den.
300 817 364 862 (g)
389 818 474 852 Item,
481 819 538 852 der
554 816 684 859 menſch
701 816 752 859 ſey
766 818 863 856 nicht
875 826 950 854 von

204 862 322 899 GOtt
341 859 576 896 vollkommen
591 859 775 903 erſchaffen
799 864 949 898 worden.

204 905 259 949 (h)
273 905 346 942 Der
351 901 548 951 Schoͤpffer
552 906 641 948 habe
647 907 686 939 in
691 906 768 939 dem
773 904 947 948 menſchen

201 959 316 985 etwas
331 947 548 990 ausgelaſſen
548 947 568 990 /
568 947 713 990 welches
719 949 867 990 hernach
875 950 944 985 das

203 990 303 1034 wort
303 990 500 1034 vollfuͤhret
506 991 617 1034 haͤtte.
625 990 673 1035 (i)
673 990 731 1035 Ja
731 990 746 1035 /
746 990 801 1035 der
814 993 942 1034 menſch

200 1038 250 1079 ſey
261 1046 332 1073 von
343 1035 480 1080 anfang
492 1039 603 1071 weder
615 1036 768 1078 ſterblich
784 1037 872 1076 noch
886 1047 944 1072 un-

200 1079 355 1122 ſterblich
376 1080 571 1124 gemachet:
584 1081 676 1126 jenes
686 1080 785 1119 nicht
785 1080 804 1118 /
817 1079 898 1116 weil
910 1092 945 1116 er

201 1123 292 1167 ſonſt
303 1124 418 1160 GOtt
429 1122 522 1157 waͤre
535 1126 712 1160 worden:
735 1125 853 1166 Dieſes
863 1125 943 1160 weil

204 1168 297 1211 ſonſt
305 1168 404 1204 Gott
417 1168 470 1202 ein
477 1166 643 1214 ursprung
643 1166 748 1214 ſeines
760 1172 861 1205 todes
867 1167 945 1214 haͤt-

208 1220 245 1246 te
254 1211 374 1255 heiſſen
392 1206 535 1246 koͤnnen.
557 1211 613 1252 (k)

246 1251 291 1292 (u)
307 1256 414 1291 Juſtinus
425 1255 505 1289 Apol.
505 1255 535 1289 II.
550 1264 574 1290 p.
585 1264 629 1285 93.
660 1254 704 1289 (x)
719 1256 757 1282 Id.
768 1257 838 1287 Dial.
851 1255 884 1294 p.
884 1255 950 1294 225.

280 1285 322 1327 (y)
343 1290 407 1315 Ibid.
418 1299 447 1325 p.
447 1299 496 1325 323.
529 1289 574 1325 (z)
591 1291 662 1318 Idem
674 1293 757 1328 Apol.
757 1293 785 1328 II.
792 1298 821 1328 p.
821 1298 865 1328 62.
901 1295 940 1327 (a)

275 1327 347 1360 Dial.
347 1327 379 1360 p.
379 1327 419 1360 27.
453 1324 500 1359 (b)
515 1328 579 1353 Iren.
584 1328 621 1363 III.
641 1329 668 1361 c.
668 1329 711 1361 22.
745 1329 789 1361 (c)
806 1330 874 1355 Ibid.
874 1330 897 1355 c.
906 1338 938 1358 19.

278 1363 321 1397 (d)
343 1362 481 1399 Auguſtin.
481 1362 533 1399 lib.
533 1362 558 1399 I.
558 1362 621 1399 adv.
621 1362 717 1399 Julian.
717 1362 800 1399 Pelag.
814 1374 836 1390 c.
843 1376 868 1390 2.
903 1367 938 1397 (e)

276 1400 343 1425 Iren.
354 1399 398 1426 IV.
409 1406 433 1423 c.
444 1405 483 1426 32.
517 1396 572 1432 (f)
585 1399 651 1424 Ibid.
689 1401 730 1434 (g)
743 1400 813 1425 Idem
823 1401 867 1426 lib.
878 1402 906 1434 V.
912 1410 936 1434 p.

274 1434 337 1468 549.
359 1434 417 1466 (h)
435 1433 512 1459 Idem
512 1433 563 1459 IV.
563 1433 589 1459 c.
603 1437 643 1468 73.
660 1437 709 1468 (i)
728 1436 806 1470 Idem
806 1436 842 1470 V.
842 1436 868 1470 p.
883 1441 936 1467 548.

272 1469 316 1504 (k)
337 1468 458 1503 Theoph.
458 1468 504 1503 lib.
504 1468 535 1503 II.

63 1548 185 1581 Haltung

63 1585 104 1613 der
113 1583 194 1618 Gebo-

57 1622 95 1649 te.

250 1514 300 1547 17.
321 1503 413 1548 Nach
424 1505 473 1539 der
478 1505 689 1547 wiedergeburt
699 1505 769 1541 aber
779 1504 938 1549 geſtunden

203 1548 240 1592 ſie
250 1552 318 1584 dem
329 1545 475 1592 menſchen
485 1554 571 1590 gerne
581 1547 617 1591 zu
617 1547 635 1591 /
635 1547 696 1591 daß
709 1557 738 1584 er
749 1552 804 1586 die
815 1551 938 1592 gebote

205 1581 359 1629 GOttes
373 1589 491 1632 halten
505 1587 597 1626 koͤnne
606 1594 668 1627 und
677 1591 751 1634 ſolle.
792 1594 861 1629 Und
872 1599 937 1628 war

205 1634 294 1679 dieſes
300 1632 436 1676 vielmehr
442 1633 491 1669 der
496 1635 699 1679 unglaubigen
705 1634 857 1678 einwurff:
864 1637 937 1673 Eu-

203 1690 240 1715 re
247 1681 367 1726 gebote
374 1681 423 1712 im
430 1678 629 1722 Evangelio
645 1681 717 1721 ſind
727 1684 761 1721 ſo
768 1680 856 1724 groß
866 1681 936 1716 und

201 1721 438 1764 wunderbahr
438 1721 458 1764 /
458 1721 530 1764 daß
546 1724 613 1757 wir
622 1726 759 1759 meinen
759 1726 777 1759 /
777 1726 814 1759 es
829 1721 937 1760 koͤnne

201 1769 360 1803 niemand
368 1764 533 1807 dieſelben
533 1764 731 1807 bewahren.
731 1764 766 1807 (l)
775 1765 843 1811 Die
843 1765 934 1811 Chri-

202 1811 276 1855 ſten
282 1812 363 1847 aber
369 1809 532 1849 bekanten
532 1809 552 1849 /
552 1809 616 1849 daß
623 1813 689 1844 das
695 1818 790 1845 wort
801 1812 861 1846 des
867 1813 934 1848 Va-

203 1864 280 1892 ters
292 1862 385 1893 zwar
393 1853 445 1886 die
460 1852 535 1892 ſeele
545 1850 619 1895 frey
619 1850 641 1894 /
653 1855 725 1888 und
734 1854 841 1892 durch
854 1855 937 1897 dieſe

196 1897 287 1935 auch
295 1900 359 1932 den
366 1894 432 1929 leib
437 1894 624 1940 freywillig
631 1898 766 1941 reinige.
795 1898 936 1939 Dahero

200 1942 286 1978 auch
293 1944 345 1974 die
357 1940 468 1973 bande
478 1939 535 1971 der
545 1937 792 1984 knechtschafft
800 1949 877 1986 weg
886 1949 938 1985 ge-

204 1985 297 2029 than
304 1981 404 2019 waͤre.
415 1981 527 2017 Allein
534 1995 570 2017 es
577 1982 695 2018 waͤren
701 1984 758 2029 die
758 1984 874 2029 geſetze
881 1987 939 2019 der

204 2026 347 2073 freyheit
367 2035 438 2062 nun
453 2026 539 2061 auch
551 2030 670 2062 weiter
688 2029 921 2073 ausgedehnet
921 2029 938 2073 /

205 2075 275 2107 und
287 2073 341 2106 die
357 2067 654 2115 unterthaͤnigkeit
671 2078 773 2105 unter
790 2072 867 2106 dem
879 2069 939 2107 koͤ-

202 2117 282 2162 nige
301 2112 450 2156 erſtrecke
468 2112 531 2154 ſich
545 2116 670 2148 weiter
670 2117 687 2147 /
700 2116 812 2149 damit
827 2114 938 2151 keiner

199 2156 321 2197 zuruͤck
329 2157 424 2203 gehe
424 2159 443 2199 /
458 2161 527 2190 und
538 2158 619 2191 dem
619 2159 641 2190 /
653 2157 712 2190 der
722 2158 786 2200 ihn
796 2156 866 2201 frey
877 2165 934 2204 ge-

201 2202 319 2239 macht
332 2200 404 2245 hat
404 2201 421 2242 /
437 2198 670 2244 unanſtaͤndig
687 2201 747 2243 ſey.
788 2201 933 2237 Deswe-

202 2253 268 2291 gen
273 2244 331 2287 der
331 2244 434 2287 HErꝛ
443 2253 488 2277 an
495 2244 582 2285 ſtatt
587 2245 650 2286 des
650 2245 794 2286 gebots:
801 2245 861 2280 Du
868 2245 935 2290 ſolt

202 2290 297 2326 nicht
303 2288 505 2325 ehebrechen
505 2290 517 2322 /
529 2287 616 2325 auch
630 2287 684 2320 dir
695 2287 770 2329 boͤſe
782 2287 854 2330 luſt
854 2287 933 2330 ver-

203 2334 307 2368 boten
318 2331 408 2373 habe
408 2331 428 2373 /
447 2331 530 2371 (und
537 2328 598 2372 alſo
609 2330 661 2365 alle
666 2330 770 2371 gebote
780 2334 934 2374 erweitert)

203 2379 293 2413 denn
303 2376 337 2417 ſo
351 2374 438 2411 habe
449 2382 488 2407 er
502 2376 570 2407 das
590 2373 686 2417 geſetz
709 2374 845 2419 erfuͤllet
861 2368 946 2413 und

203 2418 443 2464 ausgerichtet.
462 2417 525 2457 (m)
544 2417 612 2452 Und
622 2415 714 2460 dieſes
714 2415 759 2460 ſey
766 2421 832 2452 das
836 2410 946 2456 kenn-

198 2463 327 2504 zeichen
338 2463 394 2494 der
400 2461 542 2502 wahren
553 2460 711 2504 Chriſten
711 2460 732 2504 /
732 2460 798 2504 daß
798 2460 837 2504 ſie
843 2460 933 2505 Chri-

197 2507 242 2549 ſto
260 2503 456 2549 gehorcheten.
518 2505 608 2540 Wer
629 2503 723 2540 nicht
738 2506 809 2547 alſo
821 2507 909 2541 lebet
909 2507 929 2541 /

195 2553 264 2585 wie
270 2559 305 2583 er
311 2547 463 2594 gelehret
473 2545 539 2589 hat
539 2545 562 2589 /
562 2545 705 2589 ſchrieben
709 2546 746 2589 ſie
752 2550 796 2584 an
796 2550 842 2584 die
848 2547 930 2591 Hey-

194 2593 254 2628 den
254 2593 274 2628 /
274 2593 389 2628 davon
399 2588 463 2631 iſts
474 2592 527 2624 ein
539 2589 688 2634 gewiſſer
701 2592 831 2635 beweiß
831 2592 848 2635 /
857 2593 928 2635 daß

194 2647 230 2672 er
244 2637 317 2671 kein
328 2631 462 2676 Chriſte
473 2631 529 2675 ſey
529 2633 550 2673 /
566 2634 612 2668 ob
626 2640 660 2666 er
672 2635 777 2677 gleich
790 2637 859 2672 mit
871 2638 928 2674 der

195 2687 326 2723 zungen
333 2680 386 2712 die
395 2676 484 2720 lehre
489 2674 627 2720 CHriſti
634 2677 819 2715 bekennete.
827 2680 927 2715 Denn

197 2731 232 2757 er
241 2717 366 2770 ſpricht
366 2717 386 2770 /
386 2717 457 2770 daß
468 2717 562 2757 nicht
572 2719 628 2766 die
628 2719 708 2766 ſelig
717 2722 859 2760 wuͤrden
859 2722 874 2760 /
874 2722 928 2760 die

199 2775 236 2800 es
242 2777 306 2801 nur
317 2763 525 2806 bekenneten
525 2763 547 2806 /
547 2763 690 2806 ſondern
702 2766 754 2800 die
761 2767 847 2804 auch
855 2767 928 2809 ihre

189 2806 390 2843 bekantnuͤs
409 2808 476 2841 mir
488 2809 552 2841 den
566 2807 716 2843 wercken
728 2808 930 2856 bekraͤfftig-

201 2853 269 2894 ten.
286 2849 340 2893 (n)
362 2849 472 2886 Drum
477 2848 653 2894 beschrieben
653 2848 691 2894 ſie
698 2850 753 2895 ſich
760 2853 833 2896 auch
844 2852 933 2900 ſelber

202 2893 257 2928 als
261 2894 426 2936 menſchen
426 2894 439 2936 /
444 2897 543 2928 deren
549 2902 683 2939 gantzes
690 2892 780 2931 leben
786 2905 828 2936 zu
835 2900 930 2933 Gott

203 2935 258 2970 als
268 2940 352 2973 einer
365 2937 454 2981 regel
465 2939 535 2971 und
549 2937 755 2978 richtſchnur
763 2939 930 2984 gerichtet

202 2981 290 3015 wird
290 2981 311 3015 /
311 2981 425 3015 damit
425 2981 481 3015 ein
493 2980 580 3019 jeder
589 2981 655 3023 ſich
667 2991 733 3017 vor
744 2982 817 3025 ihm
828 2991 929 3019 unta-

199 3020 302 3059 delich
311 3027 381 3059 und
394 3022 591 3065 unſtraͤflich
602 3026 735 3068 erwieſe
735 3026 757 3067 /
757 3026 829 3066 und
841 3025 929 3065 auch

201 3063 295 3100 nicht
308 3068 375 3101 mit
387 3067 575 3111 gedancken
585 3069 640 3101 die
650 3071 814 3111 geringſte
829 3070 928 3111 ſuͤnde

202 3107 331 3150 begehe.
346 3111 400 3150 (o)
414 3112 482 3148 Und
489 3108 548 3151 alſo
555 3109 739 3154 befleiſſigten
745 3118 780 3154 ſie
786 3112 841 3155 ſich
852 3116 927 3149 einer

200 3154 312 3185 reinen
326 3159 396 3186 und
420 3156 486 3189 mit
508 3153 689 3197 Heiligkeit
705 3157 927 3199 verwahrten

200 3190 278 3236 ſeele
278 3190 290 3236 /
290 3190 346 3236 als
351 3196 471 3236 welche
477 3196 594 3232 GOtt
600 3196 722 3233 alleine
727 3199 870 3242 fordere;
878 3201 927 3242 (p)

201 3238 273 3289 Und
280 3247 370 3272 eines
376 3237 500 3276 ſolchen
506 3240 663 3274 wandels
668 3245 732 3277 mit
737 3245 835 3279 Gott
835 3245 846 3279 /
851 3246 931 3278 dar-

199 3286 303 3318 innen
317 3274 434 3321 nichts
434 3274 534 3321 boͤſes
548 3282 709 3329 geſpuͤret
709 3282 835 3329 werde.
856 3280 938 3335 (q)

196 3323 338 3365 Welche
344 3331 415 3359 nun
420 3324 531 3363 GOtt
537 3326 693 3371 fuͤrchten
693 3326 705 3371 /
712 3327 794 3373 hieſſe
805 3324 837 3372 es
837 3324 855 3372 /
855 3324 936 3372 und

63 2334 178 2369 Kennzei-

61 2374 120 2404 chen
134 2374 179 2404 der

60 2410 178 2445 Chriſten.

56 3161 161 3195 Reinig-

56 3196 108 3230 keit
108 3196 127 3230 /
133 3199 196 3231 Hei-

56 3234 143 3267 ligkeit
151 3235 195 3264 des

54 3269 143 3300 lebens.

1725 347 1799 382 Jahr
1810 349 1844 382 C.

1727 385 1771 417 biß
1780 386 1840 415 CC.

978 346 1025 373 an
1040 339 1093 372 die
1107 333 1262 380 zukunfft
1280 334 1388 377 ſeines
1405 335 1527 377 ſohnes
1546 335 1699 386 glauben
1699 335 1714 386 /

978 382 1050 417 und
1070 384 1134 415 den
1149 381 1235 426 geiſt
1243 380 1400 415 GOttes
1413 379 1520 418 durch
1531 386 1597 414 den
1618 381 1720 426 glau-

978 426 1042 460 den
1049 426 1086 460 in
1092 425 1187 468 ihren
1193 425 1322 465 hertzen
1329 423 1443 466 haben
1443 423 1457 466 /
1463 420 1517 459 die
1522 421 1645 467 heiſſen
1652 427 1720 461 mit

977 467 1072 507 recht
1081 471 1176 504 reine
1176 472 1190 504 /
1196 467 1363 513 geiſtliche
1373 468 1447 504 und
1454 467 1720 505 GOtt-lebende

974 512 1159 555 menſchen.
1201 516 1306 549 Denn
1312 511 1356 554 ſie
1360 511 1476 557 haben
1481 512 1547 547 den
1551 512 1651 554 Geiſt
1656 515 1719 547 des

975 556 1116 592 Vaters
1116 557 1131 592 /
1137 557 1197 592 der
1210 558 1275 592 den
1283 556 1455 599 menſchen
1472 557 1615 600 reiniget
1615 557 1636 600 /
1645 559 1717 593 und

973 600 1036 642 ihn
1044 602 1083 637 in
1091 603 1159 636 das
1167 599 1262 635 leben
1270 602 1406 637 Gottes
1410 600 1556 641 erhebet.
1563 603 1642 635 Deñ
1648 604 1717 635 wie

976 647 1043 679 das
1049 644 1163 687 fleiſch
1173 643 1328 685 ſchwach
1339 643 1389 686 iſt
1389 646 1403 684 /
1411 645 1479 686 alſo
1487 643 1553 685 hat
1558 644 1645 682 auch
1657 649 1716 680 der

975 687 1103 733 willige
1111 687 1209 731 Geiſt
1215 686 1270 722 ein
1279 688 1432 728 zeugnuͤs
1443 696 1515 723 von
1522 687 1637 723 GOtt
1646 698 1717 724 em-

976 731 1142 777 pfangen.
1183 731 1297 774 Dieſer
1308 731 1354 769 iſt
1365 731 1519 778 maͤchtig
1531 739 1572 770 zu
1588 731 1718 768 vollen-

975 778 1119 821 bringen
1132 784 1212 810 was
1229 785 1262 809 er
1278 774 1354 817 hat.
1373 776 1420 819 (r)
1437 776 1506 812 Und
1518 774 1609 818 hierin
1621 771 1719 813 bitten

974 819 1012 861 ſie
1024 817 1132 861 GOtt
1132 817 1151 861 /
1151 817 1226 861 daß
1226 817 1274 861 ſie
1274 817 1382 861 durch
1392 820 1566 863 Chriſtum
1573 820 1718 863 bewah-

975 872 1029 900 ret
1035 864 1178 898 wuͤrden
1186 862 1246 905 biß
1252 871 1319 898 ans
1327 864 1411 900 ende
1411 864 1427 900 /
1427 864 1500 900 und
1505 871 1571 898 vor
1577 863 1652 906 ihm
1658 874 1720 900 un-

973 905 1144 951 ſtraͤfflich
1173 906 1316 942 bleiben.
1339 904 1402 948 (ſ)
1437 908 1564 942 Damit
1581 907 1626 949 ſie
1643 910 1717 954 alſo

973 951 1184 997 warhafftig
1199 952 1268 986 das
1279 949 1511 996 Prieſterliche
1530 951 1716 995 geſchlecht

972 997 1205 1032 GOTTES
1224 996 1455 1031 vollkommen
1469 991 1591 1031 waͤren
1605 998 1714 1037 durch

971 1040 1038 1076 den
1066 1044 1105 1075 in
1125 1040 1229 1084 ihnen
1250 1039 1465 1083 wohnenden
1485 1038 1585 1083 Geiſt
1601 1043 1720 1079 GOt-

972 1085 1039 1126 tes.
1060 1085 1110 1126 (t)

1008 1134 1054 1171 (l)
1054 1134 1174 1171 Juſtinus
1174 1134 1247 1171 Dial.
1247 1134 1278 1171 p.
1278 1134 1340 1171 227.
1378 1132 1430 1170 (m)
1451 1134 1518 1175 Iren.
1518 1134 1554 1175 II.
1554 1134 1589 1175 c.
1589 1134 1631 1175 57.
1667 1136 1714 1175 (n)

1057 1172 1144 1205 Juſtin.
1154 1172 1202 1205 Ap.
1202 1172 1229 1205 II.
1242 1175 1268 1205 p.
1268 1175 1313 1205 63.
1349 1171 1390 1205 (o)
1409 1170 1563 1208 Athenagor.
1563 1170 1596 1208 p.
1596 1170 1637 1208 35.
1674 1177 1712 1210 (p)

1056 1207 1142 1241 Juſtin.
1156 1207 1208 1242 Ap.
1208 1207 1243 1242 II.
1256 1216 1281 1242 p.
1295 1209 1343 1240 40.
1378 1207 1433 1243 (q)
1450 1207 1517 1236 Iren.
1525 1207 1555 1234 II.
1567 1212 1594 1242 c.
1594 1212 1634 1242 57.
1671 1213 1712 1244 (r)

1054 1243 1127 1270 Idem
1145 1244 1182 1278 V.
1182 1244 1214 1278 p.
1221 1248 1273 1275 556.
1309 1241 1358 1276 (ſ)
1378 1243 1464 1279 Juſtin.
1475 1243 1546 1281 Dial.
1546 1243 1578 1281 p.
1578 1243 1640 1281 247.
1675 1246 1710 1286 (t)

1053 1278 1122 1314 Ibid.
1122 1278 1150 1314 p.
1158 1287 1224 1311 344.
1249 1279 1299 1313 (u)
1318 1283 1383 1314 Iren.
1383 1283 1410 1314 p.
1417 1288 1466 1310 550.

1712 1387 1837 1424 Vereini-

1711 1425 1779 1462 gung
1784 1428 1842 1460 mit

1714 1462 1805 1495 GOtt.

1012 1332 1063 1367 18.
1079 1331 1166 1371 Von
1176 1329 1246 1375 dem
1246 1329 1381 1375 hoͤchſten
1389 1333 1479 1375 zweck
1483 1335 1533 1368 der
1544 1333 1709 1375 herwieder-

969 1376 1124 1418 bringung
1124 1377 1147 1416 /
1185 1375 1310 1417 nemlich
1331 1377 1381 1411 der
1400 1379 1624 1428 vereinigung
1641 1384 1708 1419 mit

966 1420 1086 1454 GOtt
1096 1420 1168 1454 und
1178 1419 1318 1462 Chriſto
1329 1419 1430 1460 finden
1430 1419 1488 1460 wir
1499 1420 1584 1463 ſchon
1590 1422 1639 1467 die
1639 1422 1707 1467 Leh-

966 1469 1009 1495 rer
1022 1462 1103 1504 nicht
1121 1461 1202 1504 mehr
1218 1460 1248 1503 ſo
1263 1460 1480 1506 nachdruͤcklich
1493 1469 1555 1499 und
1571 1456 1708 1511 bruͤnſtig

965 1506 1054 1539 reden
1054 1506 1075 1540 /
1084 1505 1136 1540 als
1146 1507 1192 1539 die
1201 1506 1329 1546 vorigen
1329 1507 1346 1544 /
1357 1509 1419 1541 und
1426 1507 1501 1557 nach
1513 1506 1600 1548 ihnen
1607 1509 1703 1554 nahm

966 1548 1011 1581 die
1021 1550 1119 1589 gnade
1129 1549 1233 1583 immer
1244 1546 1326 1589 mehr
1332 1546 1371 1590 ab
1371 1546 1392 1590 /
1392 1546 1420 1590 je
1433 1557 1514 1592 mehr
1526 1558 1599 1587 man
1610 1553 1705 1596 anfin-

965 1597 1001 1631 ge
1007 1587 1062 1633 ſich
1070 1592 1119 1626 der
1125 1590 1197 1634 welt
1197 1590 1291 1634 gleich
1291 1590 1327 1634 zu
1333 1590 1429 1633 ſtellen
1429 1590 1449 1634 /
1449 1590 1520 1634 oder
1520 1592 1587 1634 zum
1593 1600 1702 1640 wenig-

966 1631 1025 1674 ſten
1035 1635 1092 1669 mit
1107 1632 1221 1676 hoffart
1221 1632 1239 1676 /
1250 1633 1415 1676 zanckſucht
1415 1633 1430 1676 /
1438 1636 1505 1670 neid
1514 1639 1574 1672 und
1583 1640 1702 1683 derglei-

965 1676 1033 1718 chen
1040 1675 1178 1713 GOttes
1185 1670 1271 1719 krafft
1282 1686 1315 1720 zu
1324 1670 1458 1719 hindern.
1500 1678 1595 1723 Doch
1608 1681 1706 1719 erkan-

966 1725 1015 1755 ten
1024 1719 1063 1762 ſie
1075 1720 1155 1763 noch
1155 1722 1174 1761 /
1185 1721 1256 1764 daß
1266 1722 1318 1756 die
1330 1721 1501 1762 menſchen
1516 1725 1583 1759 das
1592 1730 1704 1773 einige

964 1763 1085 1804 ſuchen
1093 1766 1163 1799 und
1169 1766 1295 1800 wieder
1301 1764 1462 1809 erlangen
1467 1764 1601 1804 muͤſten
1601 1765 1616 1804 /
1623 1780 1708 1807 was

965 1806 1014 1848 ſie
1014 1806 1118 1848 zuvor
1128 1806 1308 1850 verlohren
1317 1808 1449 1853 gehabt
1449 1808 1467 1853 /
1467 1808 1542 1853 und
1542 1808 1617 1853 ihre
1626 1813 1703 1855 ſeele

964 1852 1030 1884 mit
1039 1851 1117 1886 dem
1126 1852 1169 1892 H.
1176 1851 1277 1893 Geiſt
1288 1851 1515 1899 verknuͤpffen
1515 1851 1531 1899 /
1541 1859 1612 1889 und
1628 1858 1701 1899 alſo

964 1893 1034 1934 ihre
1051 1896 1276 1938 vereinigung
1291 1896 1358 1929 mit
1378 1896 1495 1931 GOtt
1518 1897 1704 1946 ſorgfaͤltig

964 1936 1134 1982 erlangen.
1153 1939 1208 1979 (x)
1227 1938 1345 1974 GOtt
1354 1937 1463 1983 muͤſte
1478 1940 1653 1987 anfangen
1663 1947 1704 1979 in

966 1990 1036 2014 uns
1043 1990 1083 2019 zu
1090 1981 1278 2023 erſcheinen
1286 1983 1358 2018 und
1358 1983 1401 2018 in
1401 1983 1476 2018 uns
1485 1991 1527 2021 zu
1534 1988 1681 2029 wohnen
1681 1988 1700 2029 /

965 2026 1033 2058 das
1050 2023 1139 2067 hertz
1159 2025 1266 2067 muͤſte
1282 2028 1338 2059 ein
1348 2026 1473 2070 tempel
1492 2029 1552 2062 des
1566 2030 1701 2069 HErrn

966 2066 1050 2109 ſeyn.
1072 2069 1139 2109 (y)
1160 2068 1233 2104 Aus
1240 2067 1362 2109 welcher
1375 2070 1565 2114 vereinigung
1580 2070 1617 2114 ſie
1629 2074 1700 2123 dieſe

963 2103 1181 2153 gemeinſchafft
1197 2113 1253 2146 mit
1265 2110 1369 2146 GOtt
1378 2109 1511 2154 erfuhren
1511 2109 1535 2154 /
1549 2118 1650 2151 davon
1655 2122 1698 2159 ſie

962 2152 1023 2194 alſo
1032 2156 1168 2189 redeten:
1179 2157 1264 2192 Wir
1272 2154 1461 2195 verlangen
1476 2160 1532 2193 ein
1547 2157 1695 2202 ſtaͤtiges

962 2200 1074 2232 reines
1089 2199 1187 2234 leben
1187 2199 1210 2233 /
1229 2200 1300 2233 und
1317 2200 1484 2245 begehren
1505 2203 1571 2236 mit
1579 2204 1697 2240 GOtt

961 2241 1038 2274 dem
1047 2239 1240 2291 Schoͤpffer
1262 2243 1335 2277 und
1354 2245 1469 2281 Vater
1487 2244 1574 2280 aller
1591 2249 1697 2294 dinge

961 2286 1169 2328 umzugehen
1169 2286 1187 2328 /
1197 2285 1270 2321 und
1281 2294 1324 2325 zu
1336 2286 1429 2324 leben
1429 2286 1453 2324 /
1453 2286 1525 2324 und
1535 2289 1677 2334 glauben
1677 2289 1698 2334 /

960 2328 1029 2369 daß
1052 2330 1156 2371 dieſes
1174 2338 1247 2365 von
1262 2328 1369 2365 denen
1386 2331 1544 2376 erlanget
1564 2336 1677 2370 werde
1677 2336 1697 2370 /

961 2371 1086 2409 welche
1097 2376 1136 2408 in
1145 2376 1204 2408 der
1210 2374 1298 2415 that
1307 2374 1423 2411 GOtt
1437 2375 1595 2417 beweiſen
1595 2375 1612 2417 /
1623 2379 1695 2421 daß

959 2413 1001 2455 ſie
1010 2416 1085 2458 ihm
1096 2416 1215 2462 folgen
1215 2416 1233 2461 /
1250 2417 1321 2451 und
1330 2418 1442 2458 ſeinen
1460 2426 1617 2466 uͤmgang
1626 2421 1695 2456 lieb

958 2459 1074 2498 haben
1074 2459 1093 2498 /
1093 2459 1237 2498 worinn
1250 2460 1340 2494 keine
1351 2464 1494 2505 widrige
1504 2462 1651 2505 boßheit
1651 2462 1693 2505 zu

960 2500 1075 2541 finden
1082 2502 1134 2543 iſt.
1150 2506 1201 2545 (z)
1213 2505 1283 2540 Und
1291 2501 1413 2545 hieraus
1421 2513 1509 2549 zogen
1519 2503 1556 2546 ſie
1562 2508 1608 2542 die
1616 2507 1693 2550 herr-

957 2543 1074 2586 lichſten
1083 2545 1196 2588 fruͤchte
1206 2550 1257 2581 der
1267 2548 1352 2589 ruhe
1362 2550 1456 2590 ihres
1465 2549 1613 2589 hertzens
1625 2554 1688 2588 und

956 2590 1009 2622 des
1021 2587 1123 2624 lebens
1136 2591 1167 2626 in
1175 2588 1320 2632 Chriſto:
1341 2591 1483 2629 Welche
1483 2591 1524 2629 in
1535 2592 1596 2637 der
1596 2592 1689 2637 lehre

956 2631 1096 2675 CHriſti
1113 2634 1179 2674 ſich
1192 2633 1289 2669 uͤben
1289 2634 1309 2669 /
1328 2636 1434 2671 denen
1448 2634 1689 2680 wiederfaͤhret

955 2676 1006 2708 die
1018 2675 1280 2721 allerlieblichſte
1298 2679 1389 2720 ruhe
1389 2680 1420 2718 /
1447 2679 1519 2712 und
1538 2688 1608 2715 wer
1621 2683 1688 2719 den

956 2717 1082 2763 CHriſt
1091 2721 1245 2757 GOttes
1262 2721 1423 2756 erkennet
1423 2723 1442 2755 /
1451 2723 1511 2756 der
1523 2725 1612 2759 wird
1625 2734 1686 2765 zur

956 2761 1258 2807 vollkommenheit
1269 2761 1427 2806 gefuͤhret
1427 2761 1442 2806 /
1452 2766 1523 2799 und
1533 2768 1689 2813 erlanget

957 2808 1008 2840 die
1017 2806 1171 2850 ſeligkeit.
1190 2808 1247 2849 (a)
1265 2805 1443 2851 Deswegen
1457 2805 1560 2851 ſagten
1574 2811 1611 2853 ſie
1627 2820 1690 2848 von

956 2847 1032 2892 ſich:
1046 2850 1163 2885 GOtt
1174 2852 1320 2890 wohnet
1334 2851 1544 2896 warhafftig
1555 2857 1594 2889 in
1605 2864 1671 2891 uns
1671 2864 1689 2891 /

955 2892 1127 2936 gleichwie
1136 2896 1201 2928 das
1213 2900 1310 2930 wort
1320 2892 1424 2936 ſeines
1435 2897 1609 2939 glaubens
1609 2897 1627 2939 /
1627 2897 1690 2939 der

956 2934 1077 2977 beruff
1088 2937 1187 2977 ſeiner
1201 2935 1415 2984 verheiſſung
1415 2935 1437 2983 /
1458 2939 1511 2974 die
1529 2941 1689 2985 weißheit

955 2983 1053 3019 ſeiner
1065 2981 1181 3016 rechte
1181 2983 1200 3015 /
1211 2981 1262 3014 die
1273 2984 1399 3026 gebote
1415 2981 1515 3025 ſeiner
1525 2982 1617 3024 lehre
1617 2982 1638 3024 /
1649 2985 1686 3029 ja

957 3031 991 3055 er
1003 3015 1100 3065 ſelbſt
1110 3023 1284 3068 weiſſaget
1294 3028 1331 3060 in
1340 3033 1411 3062 uns
1411 3033 1431 3062 /
1431 3033 1470 3062 er
1481 3025 1576 3070 ſelbſt
1584 3031 1686 3071 woh-

957 3073 1016 3100 net
1029 3067 1067 3100 in
1092 3077 1163 3102 uns
1163 3077 1183 3102 /
1211 3070 1265 3102 die
1277 3072 1343 3105 wir
1353 3071 1400 3105 im
1416 3071 1497 3104 tode
1515 3070 1688 3115 gefangen

956 3108 1064 3153 lagen
1064 3108 1084 3153 /
1119 3109 1197 3154 und
1197 3109 1299 3154 thut
1299 3109 1388 3154 auff
1411 3113 1464 3147 die
1484 3112 1609 3150 thuͤren
1624 3119 1686 3150 des

955 3154 1099 3196 tempels
1110 3153 1142 3196 u.
1142 3153 1169 3196 ſ.
1169 3153 1195 3196 f.
1216 3155 1274 3197 (b)
1292 3156 1361 3191 Und
1376 3163 1436 3191 von
1448 3154 1558 3200 ſolchen
1571 3158 1685 3201 leugne-

953 3201 1002 3233 ten
1013 3199 1051 3241 ſie
1070 3198 1159 3240 nicht
1159 3199 1183 3238 /
1208 3198 1278 3241 daß
1294 3201 1348 3232 die
1364 3191 1469 3242 krafft
1485 3202 1547 3235 des
1567 3211 1683 3236 worts

952 3241 1135 3285 (CHriſti)
1157 3241 1201 3283 ſie
1221 3238 1420 3281 unſterblich
1437 3245 1509 3277 und
1526 3254 1567 3284 zu
1585 3242 1685 3281 Goͤt

952 3293 1028 3320 tern
1046 3286 1174 3323 mache.
1194 3284 1248 3325 (c)
1270 3284 1340 3319 Der
1359 3286 1488 3326 menſch
1507 3285 1608 3329 muͤſſe
1622 3283 1683 3326 zur

947 3327 1216 3368 unſterblichkeit
1239 3329 1361 3365 wieder
1374 3327 1535 3368 kommen
1535 3329 1560 3368 /
1580 3334 1625 3364 da
1644 3340 1679 3363 er

1695 2554 1769 2588 Ruhe
1779 2558 1808 2591 in

1693 2594 1802 2629 Chriſto.

1688 3242 1805 3280 Vergoͤt-

1686 3283 1788 3319 terung.

1585 3370 1677 3414 Got-

1171 3370 1232 3408 M
1232 3370 1256 3408 3
