2319 3928
616 292 661 331 88

833 284 904 340 Th.
915 287 943 325 l.
959 281 1020 330 B.
1035 286 1084 324 ll.
1107 280 1170 331 C.
1170 280 1218 331 V.
1235 274 1309 333 von
1309 274 1389 333 den
1389 274 1631 333 vornehmſten
1647 276 1867 330 lehrpuncten

467 383 545 420 Jahr
558 385 593 420 C.

541 424 595 457 biß
486 423 530 457 CC.

2187 359 2226 390 Jahr
2102 357 2177 397 C.

2119 398 2162 431 biß
2165 397 2226 428 CC.

610 368 910 412 unverweßligkeit
929 367 1000 400 und
1015 366 1068 398 die
1087 360 1338 405 unſterbligkeit

614 417 753 448 worden
765 410 859 447 waͤre
859 410 874 447 /
888 419 968 444 was
976 409 1042 441 wir
1053 405 1129 449 ſind
1129 405 1139 449 /
1153 407 1262 439 damit
1272 405 1338 439 das

614 446 836 497 verweßliche
836 446 1079 497 verſchlungen
1079 446 1199 497 wuͤrde
1206 450 1279 484 von
1279 450 1340 484 der

616 499 915 540 unverweßligkeit
915 499 930 540 /
937 494 1008 530 und
1021 498 1089 527 das
1096 486 1269 533 ſterbliche
1269 486 1340 533 von

612 536 677 585 der
677 536 924 585 unſterbligkeit
924 536 939 585 /
939 536 1012 585 und
1141 529 1344 574 kindſchafft
1012 536 1081 585 wir
1085 529 1141 574 die

615 584 837 621 uͤberkaͤmen?
859 580 906 622 (b)
926 579 1003 621 Alſo
1015 578 1079 621 hat
1088 580 1147 613 der
1160 578 1272 619 Sohn
1284 583 1342 620 ge-

613 627 718 669 litten
718 627 738 669 /
738 627 805 669 daß
816 637 852 659 er
861 633 929 660 uns
935 624 1040 662 durch
1051 620 1132 664 ſeine
1141 624 1291 657 wunden
1297 619 1332 654 le-

614 672 739 717 bendig
756 668 894 706 machte
894 668 913 707 /
930 669 974 709 (c)
994 667 1066 701 und
1086 668 1201 706 unſere
1216 664 1345 706 hertzen

612 718 684 749 von
692 718 748 749 der
755 709 935 756 finſternuͤß
946 709 1109 753 befreyete
1109 709 1125 751 /
1132 711 1201 743 und
1210 708 1288 749 ihm
1291 708 1344 741 ein

612 758 720 805 heilig
732 754 828 790 volck
835 755 999 792 bereitete.
1018 751 1071 793 (d)
1088 748 1200 795 Daher
1212 749 1344 785 erkanten

614 801 652 843 ſie
670 808 734 836 nun
751 796 881 841 JEſum
896 803 950 835 vor
971 798 1028 832 den
1051 799 1181 838 ewigen
1199 791 1345 840 Prieſter

615 846 769 879 GOttes
769 846 788 879 /
805 838 864 884 den
864 838 992 884 Koͤnig
992 838 1066 884 und
1074 836 1268 878 Geſalbten
1268 836 1285 878 /
1306 837 1345 874 (e)

617 886 705 928 durch
712 884 837 927 welchen
846 883 883 926 ſie
894 882 968 925 auch
974 882 1071 917 alleine
1080 881 1139 923 ihre
1146 876 1345 919 veraͤnderung

616 932 679 965 und
688 927 953 975 Wiedergeburt
966 922 1117 967 geſchehen
1133 930 1167 964 zu
1174 920 1239 963 ſeyn
1250 920 1346 955 erkan-

618 977 671 1008 ten
671 977 688 1008 /
688 977 776 1008 wenn
789 970 825 1014 ſie
832 971 886 1014 ſich
899 958 980 1011 ſelbſt
991 957 1093 1002 GOtt
1098 961 1262 1007 uͤbergeben
1262 962 1278 1006 /
1284 966 1344 999 und

616 1015 720 1054 durch
725 1012 910 1057 CHriſtum
919 1021 983 1046 neu
994 1008 1179 1055 geſchaffen
1187 1010 1331 1043 worden
1331 1010 1346 1042 /

616 1057 895 1101 ( καινοποιηϧέντες )
917 1053 963 1095 (f)
987 1053 1062 1094 daß
1062 1054 1080 1092 /
1099 1051 1188 1088 nach
1210 1053 1288 1086 dem
1307 1049 1348 1093 ſie

614 1101 703 1140 nach
710 1102 769 1137 der
777 1098 959 1146 gleichheit
959 1098 1022 1146 des
1022 1098 1149 1146 Vaters
1154 1102 1225 1131 von
1232 1103 1348 1129 neuem

616 1146 769 1192 geboren
769 1147 790 1190 /
804 1144 874 1181 und
884 1140 986 1178 durch
996 1141 1047 1175 die
1057 1136 1277 1189 annehmung
1286 1140 1347 1172 des

615 1185 867 1233 warhafftigen
880 1183 1053 1230 gemachet
1063 1180 1204 1217 worden
1204 1180 1222 1217 /
1241 1180 1286 1222 ſie
1294 1182 1347 1215 die

614 1233 831 1276 verwirrung
849 1231 912 1263 des
928 1226 1034 1269 ihnen
1043 1225 1264 1269 angebornen
1277 1233 1346 1257 we-

615 1275 692 1318 ſens
707 1272 942 1310 veraͤnderten.
957 1267 1004 1312 (g)
1023 1267 1121 1303 Denn
1139 1277 1175 1301 er
1190 1265 1238 1310 ſey
1251 1267 1344 1301 kom-

616 1327 696 1353 men
709 1317 776 1351 alle
790 1316 892 1354 durch
904 1312 970 1355 ſich
979 1310 1076 1353 ſelbſt
1085 1319 1127 1349 zu
1137 1305 1262 1351 erloͤſen
1262 1306 1283 1350 /
1294 1310 1348 1343 die

616 1359 721 1397 durch
734 1360 795 1401 ihn
805 1366 847 1400 zu
858 1355 973 1392 GOtt
985 1352 1256 1396 wiedergeboren
1268 1360 1350 1385 wer-

617 1404 691 1437 den.
701 1403 751 1442 (h)
767 1401 909 1438 Welche
915 1406 987 1433 nun
993 1406 1038 1432 an
1044 1397 1107 1431 den
1113 1394 1247 1435 HErrn
1252 1395 1349 1439 glaͤu-

617 1447 723 1480 beten
723 1447 738 1480 /
747 1445 802 1480 die
810 1449 926 1478 waren
942 1440 1038 1480 nicht
1047 1437 1143 1481 mehr
1154 1437 1258 1481 ſolche
1258 1437 1275 1481 /
1286 1440 1352 1472 wie

619 1487 665 1532 ſie
678 1495 751 1523 von
768 1485 903 1531 anfang
926 1480 1115 1528 geſchaffen
1135 1483 1293 1526 geweſen.
1311 1482 1351 1521 (i)

620 1529 720 1568 Denn
730 1529 778 1564 da
788 1538 822 1564 er
832 1527 876 1571 ſie
876 1527 1015 1571 erkante
1027 1533 1088 1564 zur
1093 1524 1286 1570 vergebung
1294 1523 1352 1557 der

621 1573 747 1617 ſuͤnden
747 1573 761 1617 /
761 1573 827 1617 hat
827 1573 865 1617 er
871 1566 1027 1616 gemacht
1027 1566 1045 1616 /
1045 1566 1118 1616 daß
1118 1566 1193 1616 ihre
1202 1566 1277 1610 ſeele
1277 1566 1354 1610 eine

619 1617 745 1652 andere
753 1616 834 1659 figur
838 1613 927 1658 habe
927 1613 941 1658 /
941 1613 1006 1658 wie
1015 1610 1073 1647 ein
1073 1610 1223 1647 kindlein
1223 1610 1239 1647 /
1239 1610 1354 1647 damit

621 1658 661 1702 er
661 1658 710 1702 ſie
710 1658 797 1702 auch
797 1658 869 1702 von
878 1664 995 1694 neuem
1004 1654 1154 1701 gebildet
1163 1655 1236 1697 hat.
1249 1654 1294 1693 (k)

1363 359 1436 401 ihm
1445 361 1505 394 der
1521 357 1650 400 menſch
1665 354 1853 403 gehorchet.
1865 354 1919 398 (q)
1936 349 2037 387 Denn
2046 356 2094 383 an

1364 403 1427 444 ihn
1440 403 1606 446 glauben/
1614 400 1654 442 iſt
1668 400 1782 437 nichts
1793 400 1920 435 anders
1930 392 2021 432 denn
2034 391 2094 432 ſei-

1366 454 1432 480 nen
1436 446 1551 481 willen
1561 444 1664 488 thun.
1675 445 1714 484 (r)
1735 443 1802 477 Die
1813 438 1971 483 erloͤſung
1977 435 2019 477 iſt
2025 438 2096 471 eine

1366 485 1508 533 groͤſſere
1525 486 1704 531 wirckung
1704 486 1767 531 der
1778 483 1935 527 freyheit/
1944 480 2014 517 und
2024 481 2096 514 eine

1367 529 1527 575 voͤlligere
1531 526 1803 571 unterwerffung
1803 526 1879 571 und
1887 522 2100 568 anmaſſung

1367 582 1470 620 gegen
1476 578 1584 618 unſere
1590 573 1745 617 freyheit.
1784 571 1887 607 Denn
1887 571 1956 607 wir
1962 567 2100 602 werden

1371 619 1466 655 nicht
1472 620 1647 664 deswegen
1654 613 1771 656 erloͤſet
1771 613 1795 656 /
1795 613 1871 656 daß
1871 613 1940 656 wir
1946 621 2020 648 nun
2025 616 2100 644 von

1371 661 1441 702 ihm
1447 661 1637 702 abweichen
1637 661 1659 702 /
1659 661 1806 702 ſondern
1817 657 1885 700 daß
1896 657 1963 690 wir
1973 655 2035 697 ihn
2044 655 2103 687 de-

1371 703 1516 747 ſtomehr
1533 706 1642 741 lieben
1642 706 1661 740 /
1680 703 1709 748 je
1720 701 1816 742 mehr
1828 703 1895 735 wir
1906 707 1980 734 von
1997 699 2102 740 ſeiner

1371 750 1482 792 gnade
1498 749 1649 794 erlanget
1666 746 1790 790 haben.
1810 744 1860 784 (s)
1877 744 1982 778 Denn
1995 738 2103 780 dieſes

1369 789 1411 833 iſt
1416 791 1497 828 eben
1508 794 1562 827 die
1573 789 1758 836 langmuth
1764 779 1919 824 GOttes
1932 785 2080 829 geweſen
2080 785 2101 829 /

1371 836 1440 875 daß
1440 836 1501 875 der
1507 836 1634 877 menſch
1641 832 1728 868 alles
1734 830 1959 875 durchgienge
1964 827 2035 861 und
2040 825 2103 867 ihn

1371 879 1534 916 erkennen
1550 878 1660 914 lernte
1660 878 1678 914 /
1678 878 1769 914 auch
1781 883 1840 914 zur
1854 867 2103 915 aufferſtehung

1369 926 1429 957 der
1439 924 1560 957 todten
1571 908 1668 957 kaͤme
1668 908 1688 957 /
1688 908 1764 957 und
1764 908 1939 957 wircklich
1939 908 2083 957 erfuͤhre
2083 909 2103 954 /

1371 973 1502 1002 wovon
1508 975 1542 999 er
1548 964 1617 1009 frey
1623 962 1763 1001 worden
1770 965 1829 1002 ſey.
1872 960 2000 996 Damit
2011 962 2045 988 er
2050 952 2103 989 al-

1373 1013 1409 1051 ſo
1416 1011 1492 1044 dem
1508 1009 1642 1049 HErrn
1651 1005 1823 1043 danckbar
1835 1000 1932 1038 waͤre
1932 1000 1948 1038 /
1965 1001 2036 1034 und
2049 999 2103 1032 die

1375 1053 1464 1098 gabe
1469 1053 1525 1087 der
1532 1050 1779 1096 unſterbligkeit
1785 1055 1855 1083 von
1864 1046 1936 1090 ihm
1943 1040 2104 1091 empfien-

1375 1097 1419 1143 ge
1419 1097 1439 1143 /
1439 1097 1555 1143 damit
1565 1105 1599 1139 er
1607 1086 1667 1132 ihn
1675 1092 1766 1137 deſto
1773 1091 1870 1132 mehr
1877 1078 2007 1124 liebete.
2019 1085 2066 1130 (t)

471 931 595 973 Wieder-

467 977 576 1012 geburt.

2107 1302 2209 1344 Bekeh-

2109 1346 2189 1384 rung.

655 1713 696 1746 (x)
715 1708 823 1747 Juſtinus
834 1708 909 1742 Apol.
917 1707 936 1732 I.
953 1714 978 1738 p.
991 1713 1032 1736 45.
1068 1703 1109 1739 (y)
1122 1705 1186 1729 Ibid.
1198 1714 1222 1739 p.
1236 1712 1272 1734 51.
1305 1702 1351 1736 (z)

703 1744 776 1778 Idem
776 1744 856 1778 Apol.
856 1744 899 1778 II.
899 1744 930 1778 p.
930 1744 970 1778 68.
1002 1738 1047 1777 (a)
1059 1742 1162 1768 Irenæus
1171 1742 1223 1769 lll.
1223 1742 1252 1769 c.
1252 1742 1271 1769 5.
1306 1739 1350 1773 (b)

703 1780 770 1809 Ibid.
778 1787 803 1808 c.
814 1787 850 1806 21.
885 1781 922 1809 (c)
938 1776 1060 1802 Barnabas
1066 1777 1140 1809 Epiſt.
1147 1784 1171 1812 p.
1177 1783 1224 1808 17.
1235 1774 1280 1809 (d)
1280 1774 1351 1809 Ibid.

705 1820 734 1852 p.
734 1820 771 1852 18.
809 1815 849 1848 (e)
860 1813 971 1847 Juſtinus
971 1813 1038 1847 Dial.
1044 1820 1069 1846 p.
1069 1820 1117 1846 323.
1152 1810 1193 1843 (f)
1202 1812 1272 1837 Idem
1279 1810 1352 1844 Apol.

705 1854 742 1881 II.
751 1860 775 1886 p.
782 1857 823 1886 93.
852 1849 892 1883 (g)
914 1848 1034 1873 Tatianus
1048 1850 1094 1873 Or.
1106 1852 1130 1882 p.
1144 1855 1195 1877 145.
1229 1845 1270 1879 (h)
1287 1849 1354 1874 Iren.

705 1888 742 1915 II.
748 1895 770 1913 c.
777 1894 818 1920 39.
850 1878 890 1921 (i)
905 1884 1026 1911 Barnabas
1032 1883 1108 1920 Epiſt.
1108 1883 1139 1920 p.
1139 1883 1188 1920 44.
1225 1882 1268 1918 (k)
1287 1880 1351 1909 Ibid.

706 1933 733 1960 p.
738 1930 779 1952 14.

667 1987 719 2021 15.
740 1980 823 2015 Alles
833 1978 921 2018 dieſes
928 1975 1064 2018 ſchrieben
1072 1976 1105 2016 ſie
1113 1977 1179 2010 dem
1185 1974 1350 2016 lebendigen

624 2025 752 2067 glauben
763 2031 802 2057 an
809 2019 980 2063 CHriſtum
986 2026 1023 2061 zu
1023 2026 1036 2058 /
1041 2017 1129 2061 durch
1139 2017 1265 2061 welchen
1270 2017 1306 2060 ſie
1310 2017 1352 2052 al-

624 2069 681 2104 lein
687 2065 796 2110 gerecht
801 2067 862 2101 und
875 2062 961 2106 heilig
971 2057 1104 2097 wuͤrden.
1144 2062 1216 2097 Der
1221 2059 1352 2104 Teuffel

624 2119 702 2145 war
711 2118 778 2145 uns
789 2106 879 2148 nahe
889 2108 961 2142 und
972 2105 1075 2140 wolte
1085 2112 1155 2139 uns
1165 2115 1207 2145 zu
1217 2103 1282 2147 ſich
1287 2105 1351 2143 zie-

622 2153 693 2196 hen
693 2153 707 2196 /
721 2152 799 2186 aber
811 2151 867 2186 die
881 2147 987 2190 krafft
997 2148 1156 2183 GOttes
1156 2148 1172 2183 /
1184 2149 1237 2182 die
1247 2147 1350 2183 durch

623 2195 805 2238 CHriſtum
820 2203 891 2228 uns
902 2192 1048 2235 gegeben
1062 2189 1111 2232 iſt
1111 2191 1130 2229 /
1150 2190 1276 2225 treibet
1291 2189 1352 2232 ihn

623 2247 697 2274 von
707 2247 786 2273 uns.
824 2237 899 2271 Und
919 2237 985 2269 wir
1003 2233 1076 2276 ſind
1092 2231 1271 2277 gleichſam
1284 2241 1350 2267 aus

624 2280 704 2323 dem
704 2280 796 2323 feuer
800 2277 940 2325 geriſſen
940 2277 956 2323 /
962 2275 1106 2313 nemlich
1110 2283 1184 2311 von
1189 2277 1252 2310 den
1257 2278 1352 2312 vori-

625 2333 692 2372 gen
707 2322 830 2367 ſuͤnden
852 2321 1044 2366 gereiniget
1044 2322 1062 2361 /
1080 2320 1152 2353 und
1176 2318 1279 2354 durch
1299 2320 1354 2353 die

621 2366 792 2410 truͤbſalen
798 2368 866 2400 und
873 2365 926 2398 die
936 2360 1147 2407 feuer-probe
1153 2360 1333 2402 bewaͤhret
1333 2361 1352 2401 /

621 2414 735 2448 damit
753 2417 821 2445 uns
839 2410 898 2442 der
907 2402 1043 2446 Teuffel
1058 2405 1128 2438 und
1138 2405 1222 2445 ſeine
1237 2402 1353 2447 helffer

620 2454 720 2492 uͤben.
759 2449 880 2494 Daher
902 2459 973 2485 uns
996 2446 1130 2491 JEſus
1154 2449 1212 2482 der
1240 2448 1351 2490 Sohn

623 2499 779 2535 GOttes
791 2494 914 2529 wieder
930 2488 1112 2531 auszeucht
1112 2488 1133 2531 /
1133 2488 1277 2531 welcher
1287 2500 1354 2524 uns

625 2544 691 2575 mit
696 2541 772 2574 dem
783 2538 1001 2578 zubereiteten
1011 2535 1116 2569 leiden
1126 2532 1262 2573 anthun
1274 2532 1338 2568 wil
1338 2533 1353 2568 /

625 2591 728 2618 wenn
738 2583 807 2616 wir
817 2579 900 2623 ſeine
909 2577 1014 2623 gebot
1023 2578 1090 2611 mit
1100 2577 1159 2611 der
1171 2576 1257 2618 that
1266 2577 1354 2612 voll-

624 2628 772 2669 bringen
772 2628 785 2669 /
797 2624 869 2659 und
880 2620 1062 2667 verſpricht
1073 2629 1140 2655 uns
1157 2622 1212 2655 ein
1228 2622 1355 2666 ewiges

625 2670 716 2706 reich
722 2666 827 2704 durch
837 2666 921 2707 ſeine
930 2665 1089 2707 vorſorge
1093 2672 1135 2701 zu
1140 2662 1299 2697 bereiten.
1306 2664 1353 2704 (l)

628 2710 729 2748 Denn
738 2708 863 2747 welche
871 2710 916 2742 da
926 2706 1016 2749 buſſe
1025 2705 1156 2750 gethan
1167 2704 1281 2747 haben
1281 2704 1298 2747 /
1298 2704 1354 2747 die

627 2754 702 2797 ſind
714 2756 750 2786 in
761 2753 837 2786 dem
850 2751 998 2790 glauben
1009 2750 1113 2786 durch
1126 2747 1262 2788 CHriſti
1277 2749 1355 2784 blut

628 2798 700 2832 und
708 2792 774 2836 tod
774 2792 952 2836 verſoͤhnet
952 2792 963 2836 /
971 2796 1028 2827 der
1032 2794 1207 2835 deswegen
1212 2793 1292 2827 eben
1298 2798 1354 2837 ge-

628 2835 761 2881 ſtorben
784 2834 834 2880 iſt.
857 2837 928 2877 (m)
951 2838 1010 2870 Es
1033 2833 1159 2877 muͤſſen
1175 2834 1266 2876 ihrer
1287 2834 1355 2870 viel

628 2880 734 2918 durch
745 2882 811 2915 den
821 2878 997 2925 gehorſam
1009 2880 1099 2912 eines
1105 2877 1274 2920 menſchen
1274 2877 1294 2920 /
1294 2877 1355 2920 der

630 2935 674 2966 zu
678 2923 740 2966 erſt
746 2932 817 2959 von
822 2924 912 2958 einer
916 2919 1141 2964 Jungfrauen
1153 2921 1297 2965 geboren
1303 2919 1345 2963 iſt
1345 2919 1357 2963 /

631 2967 764 3014 gerecht
768 2967 838 3001 und
842 2965 927 3010 ſelig
932 2966 1073 2997 werden.
1087 2964 1134 3003 (n)
1154 2967 1228 3001 Der
1232 2963 1358 3008 glaube

632 3010 684 3046 an
684 3010 799 3046 GOtt
810 3007 943 3043 machet
955 3006 1095 3051 gerecht
1095 3006 1108 3051 /
1126 3008 1176 3048 (o)
1194 3010 1263 3043 und
1274 3007 1357 3042 wel-

633 3055 693 3092 che
709 3056 758 3087 da
775 3051 929 3096 glauben
929 3052 951 3092 /
972 3053 1080 3084 denen
1101 3049 1143 3090 iſt
1153 3053 1214 3084 der
1228 3054 1291 3086 tod
1301 3053 1359 3085 des

632 3096 766 3138 HErrn
771 3097 841 3130 eine
847 3093 1022 3138 heiligung
1027 3093 1098 3126 und
1109 3094 1304 3138 vergebung
1304 3094 1360 3138 ih-

635 3148 691 3173 rer
710 3137 833 3180 ſuͤnden
851 3139 1001 3172 worden.
1015 3137 1074 3178 (p)
1093 3136 1190 3170 Was
1212 3145 1285 3171 nun
1304 3138 1361 3169 der

637 3180 767 3222 menſch
787 3181 891 3215 durch
908 3179 992 3222 ſeine
1012 3178 1276 3221 unachtſamkeit
1289 3181 1361 3214 und

638 3222 861 3268 ungehorſam
870 3223 943 3264 ihm
954 3223 1018 3264 hat
1028 3229 1165 3265 zuwege
1177 3220 1340 3266 gebracht
1340 3220 1359 3266 /

634 3267 703 3300 das
713 3257 877 3308 ſchencket
886 3265 959 3307 ihm
969 3269 1031 3305 itzo
1040 3264 1157 3299 GOtt
1165 3265 1269 3303 durch
1276 3265 1360 3307 ſeine

634 3308 870 3353 freundligkeit
882 3310 952 3345 und
963 3306 1251 3354 barmhertzigkeit
1251 3307 1274 3352 /
1284 3309 1363 3344 weil

1408 1141 1438 1171 (l)
1452 1139 1561 1174 Juſtinus
1574 1129 1646 1173 Dial.
1646 1129 1683 1173 p.
1687 1133 1752 1169 344.
1784 1131 1836 1164 (m)
1855 1132 1920 1159 Ibid.
1933 1138 1958 1166 p.
1965 1136 2040 1162 229.
2061 1131 2102 1160 (n)

1448 1168 1517 1202 Iren.
1517 1168 1581 1202 III.
1581 1168 1615 1202 c.
1615 1168 1661 1202 20.
1699 1171 1738 1200 (o)
1755 1167 1825 1198 Idem
1825 1167 1875 1198 lV.
1875 1167 1904 1198 c.
1904 1167 1941 1198 13.
1977 1164 2022 1196 (p)
2035 1161 2103 1191 Ibid.

1445 1219 1472 1236 c.
1478 1217 1522 1242 45.
1559 1210 1597 1244 (q)
1617 1207 1732 1239 Theoph.
1743 1206 1786 1230 lib.
1801 1206 1834 1230 II.
1849 1214 1871 1238 p.
1884 1211 1936 1232 103.
1971 1197 2013 1233 (r)
2037 1200 2103 1223 Iren.

1447 1248 1489 1272 IV.
1489 1248 1517 1274 c.
1517 1248 1558 1276 14.
1562 1244 1629 1275 (s)
1643 1241 1710 1268 Ibid.
1710 1241 1735 1268 c.
1743 1249 1784 1272 27.
1818 1239 1855 1268 (t)
1873 1238 1942 1264 Idem
1950 1237 2002 1261 III.
2012 1242 2037 1261 c.
2037 1242 2086 1261 22.

1368 1289 1468 1338 16.
1486 1287 1555 1327 So
1563 1284 1732 1329 beſchrieben
1739 1283 1775 1326 ſie
1786 1291 1849 1320 nun
1856 1284 1902 1318 die
1908 1279 2102 1322 bekehrung

1374 1322 1440 1373 des
1440 1322 1615 1373 menſchen
1621 1328 1683 1371 alſo
1683 1328 1698 1371 /
1702 1335 1790 1364 wenn
1797 1326 1835 1368 ſie
1845 1328 1890 1362 die
1901 1322 2103 1367 unglaubigen

1376 1378 1463 1417 darzu
1479 1372 1693 1417 vermahneten.
1746 1373 1819 1407 Der
1847 1368 1975 1409 menſch
1997 1356 2105 1407 muͤſte

1376 1417 1577 1463 uͤberzeuget
1594 1418 1669 1459 ſeyn
1686 1411 1758 1449 und
1778 1413 1931 1459 glauben
1931 1413 1948 1459 /
1967 1410 2037 1451 daß
2051 1409 2106 1442 die

1376 1459 1465 1504 lehre
1465 1459 1593 1504 Chriſti
1598 1459 1699 1502 wahr
1703 1458 1765 1499 ſey/
1765 1458 1837 1499 und
1844 1454 1945 1498 muͤſſe
1951 1453 2024 1496 ihm
2030 1460 2109 1487 vor-

1379 1504 1520 1546 nehmen
1526 1505 1597 1545 alſo
1602 1502 1645 1543 zu
1645 1502 1744 1543 leben
1744 1502 1759 1543 /
1769 1499 1805 1542 ſo
1812 1502 1907 1535 dann
1912 1499 2012 1531 beten
2012 1499 2028 1530 /
2036 1496 2108 1530 und

1379 1549 1432 1583 die
1441 1550 1631 1591 vergebung
1641 1546 1743 1586 ſeiner
1753 1544 1896 1584 vorigen
1902 1540 2025 1582 ſuͤnden
2035 1546 2109 1574 von

1377 1591 1495 1627 GOtt
1504 1589 1626 1633 ſuchen
1626 1589 1646 1633 /
1646 1589 1762 1633 damit
1767 1596 1803 1620 er
1814 1584 1884 1627 alſo
1888 1582 2111 1626 wiedergebo-

1379 1642 1437 1668 ren
1446 1636 1517 1671 und
1526 1637 1584 1668 der
1598 1634 1722 1674 ſuͤnden
1733 1627 1795 1672 loß
1806 1631 1921 1665 werde
1921 1631 1940 1664 /
1958 1628 2029 1661 und
2041 1625 2108 1660 den

1375 1671 1454 1719 ſinn
1454 1671 1647 1719 veraͤndern
1647 1671 1767 1719 koͤnne.
1788 1674 1833 1711 (u)
1856 1668 1945 1707 Wer
1945 1668 2018 1707 nur
2018 1668 2108 1707 noch

1380 1727 1446 1754 vor
1455 1720 1519 1764 ſich
1530 1722 1628 1764 ſorge
1628 1722 1644 1763 /
1652 1718 1721 1753 und
1732 1718 1786 1751 die
1794 1714 1943 1760 ſeligkeit
1952 1712 2085 1755 erlange
2085 1712 2107 1755 /

1378 1763 1450 1801 und
1450 1763 1570 1801 GOtt
1570 1763 1734 1801 vertraue
1734 1763 1748 1801 /
1756 1760 1834 1802 dem
1834 1760 1886 1802 ſey
1894 1756 1993 1799 ſchon
2002 1753 2110 1798 krafft

1379 1808 1428 1841 da
1428 1808 1443 1841 /
1453 1806 1523 1849 daß
1537 1817 1572 1842 er
1586 1803 1654 1845 den
1654 1803 1781 1845 CHriſt
1791 1798 1948 1838 GOttes
1948 1798 2092 1838 erkenne
2092 1798 2110 1838 /

1379 1849 1606 1886 vollkommen
1621 1849 1693 1883 und
1718 1843 1892 1891 gluͤckſelig
1911 1843 2034 1876 werde.
2061 1841 2111 1881 (x)

1382 1893 1440 1929 Er
1444 1892 1547 1935 muͤſſe
1557 1892 1683 1928 anders
1693 1889 1809 1935 ſinnes
1820 1887 1958 1922 werden
1965 1892 2039 1919 von
2049 1884 2112 1925 ſei-

1379 1945 1445 1972 nen
1455 1936 1579 1979 ſuͤnden
1579 1936 1599 1978 /
1610 1940 1681 1970 und
1690 1933 1849 1970 erkennen
1849 1933 1868 1970 /
1879 1928 1949 1970 daß
1958 1926 2057 1970 dieſer
2068 1925 2112 1969 iſt

1380 1983 1439 2014 der
1449 1980 1579 2024 CHriſt
1579 1981 1598 2021 /
1608 1981 1679 2015 und
1694 1978 1778 2020 ſeine
1789 1976 1912 2018 gebote
1920 1972 2041 2014 halten
2041 1972 2060 2014 /
2071 1971 2108 2012 ſo

1375 2023 1491 2068 werde
1491 2023 1530 2068 er
1530 2023 1724 2068 vergebung
1730 2017 1790 2060 der
1790 2017 1917 2060 ſuͤnden
1923 2007 2043 2057 haben.
2051 2007 2109 2056 (y)

1380 2064 1478 2103 Denn
1491 2076 1526 2100 er
1541 2067 1607 2109 hat
1619 2064 1714 2104 nicht
1725 2063 1777 2097 die
1784 2059 1957 2107 gerechten
1966 2058 2035 2091 und
2042 2059 2108 2091 rei-

1380 2118 1444 2143 nen
1454 2117 1514 2147 zur
1522 2107 1711 2151 bekehrung
1724 2101 1877 2148 geruffen
1877 2101 1899 2148 /
1899 2101 2043 2148 ſondern
2053 2101 2108 2134 die

1378 2151 1550 2196 gottloſen
1550 2151 1566 2196 /
1587 2151 1747 2184 unreinen
1747 2151 1765 2183 /
1782 2146 1853 2181 und
1877 2144 2109 2187 ungerechten.

1379 2198 1450 2231 Der
1455 2192 1657 2235 himmliſche
1657 2192 1771 2235 Vater
1776 2189 1850 2223 will
1858 2189 1945 2226 auch
1949 2187 2050 2220 lieber
2055 2187 2111 2220 die

1377 2236 1611 2285 veraͤnderung
1624 2236 1680 2271 als
1687 2231 1804 2277 straffe
1813 2232 1878 2273 des
1878 2232 2034 2273 suͤnders.
2054 2229 2120 2269 (z)

1379 2278 1462 2320 Daß
1471 2277 1561 2320 dieſes
1567 2280 1638 2316 aber
1646 2282 1708 2313 aus
1721 2277 1816 2312 lauter
1826 2277 1944 2316 gnaden
1960 2268 2090 2314 geſchehe
2090 2268 2111 2314 /

1381 2322 1517 2357 bekennen
1529 2322 1564 2363 ſie
1583 2319 1745 2365 gleichfals.
1786 2320 1930 2354 Meinet
1943 2318 1998 2359 ihr
2016 2313 2090 2355 wol
2090 2313 2107 2355 /

1378 2364 1471 2408 heiſſet
1487 2368 1526 2399 es
1526 2369 1544 2400 /
1562 2365 1630 2403 daß
1647 2366 1714 2399 wir
1723 2362 1825 2402 dieſes
1838 2359 1966 2405 jemals
1984 2360 2022 2393 in
2048 2359 2104 2392 der

1379 2405 1535 2453 Schrifft
1550 2407 1675 2450 haͤtten
1689 2405 1861 2446 verſtehen
1872 2402 2004 2439 koͤnnen
2004 2402 2026 2438 /
2047 2408 2105 2435 wo

1378 2452 1443 2485 wir
1456 2448 1551 2489 nicht
1562 2451 1665 2487 durch
1675 2450 1738 2483 den
1749 2448 1866 2485 willen
1866 2448 2021 2485 GOttes
2021 2448 2039 2484 /
2046 2446 2106 2478 der

1382 2503 1419 2529 es
1431 2492 1502 2534 alſo
1527 2493 1657 2540 gewolt
1672 2491 1742 2534 hat
1742 2492 1763 2533 /
1784 2492 1893 2540 gnade
1903 2486 2106 2536 empfangen

1383 2537 1531 2577 haͤtten?
1550 2535 1589 2577 (a)
1607 2535 1737 2570 Darum
1760 2532 1962 2577 wiederholten
1981 2528 2017 2573 ſie
2043 2533 2104 2564 aus

1383 2580 1491 2623 Paulo
1491 2580 1510 2623 /
1510 2580 1581 2623 daß
1587 2580 1640 2612 die
1648 2580 1736 2622 gabe
1741 2578 1834 2618 ihres
1836 2576 1932 2618 heyls
1936 2574 2031 2610 nicht
2035 2580 2109 2606 von

1382 2626 1489 2664 ihnen
1489 2626 1506 2662 /
1524 2622 1665 2665 ſondern
1674 2629 1745 2654 von
1751 2621 1867 2656 GOtt
1876 2619 1936 2665 ſey.
1953 2617 2005 2659 (b)
2022 2615 2108 2650 Wir

1382 2666 1452 2706 ſind
1463 2668 1516 2701 ein
1525 2663 1644 2700 duͤrres
1655 2662 1748 2705 holtz
1748 2663 1767 2703 /
1788 2664 1857 2698 und
1868 2661 2008 2697 wuͤrden
2017 2666 2109 2692 nim-

1381 2707 1546 2750 mermehr
1546 2707 1622 2750 zum
1634 2707 1727 2742 leben
1733 2705 1847 2746 frucht
1858 2700 1997 2749 bringen
1997 2700 2017 2749 /
2017 2700 2108 2749 ohne

1383 2755 1459 2785 dem
1486 2748 1709 2790 himmliſchen
1727 2749 1956 2792 freywilligen
1987 2752 2108 2786 regen:

1383 2792 1510 2837 Jedoch
1517 2796 1628 2827 redeten
1644 2794 1689 2828 die
1698 2791 1795 2834 Lehrer
1804 2794 1923 2828 damals
1935 2796 1994 2826 von
2004 2786 2106 2828 dieſem

1386 2840 1475 2878 punct
1486 2839 1581 2870 etwas
1590 2833 1682 2877 freyer
1682 2833 1698 2877 /
1698 2833 1766 2877 weil
1776 2836 1821 2871 die
1835 2832 2025 2876 ſtreitigkeiten
2032 2829 2105 2871 noch

1378 2878 1463 2921 nicht
1463 2878 1658 2921 angegangen
1666 2879 1767 2914 waren
1767 2879 1783 2914 /
1783 2879 1843 2914 wie
1850 2880 1896 2916 die
1900 2875 2053 2918 folgenden
2059 2872 2104 2920 be-

1385 2921 1499 2962 kennen.
1514 2920 1565 2962 (d)
1583 2919 1713 2961 Dahero
1722 2920 1859 2962 ſchreiben
1872 2918 1923 2962 ſie:
1947 2908 2017 2968 Die
2017 2908 2107 2968 Pro-

1383 2964 1509 3012 pheten
1518 2967 1588 2999 und
1595 2963 1734 3008 Apoſtel
1743 2962 1866 3004 haͤtten
1873 2964 1926 2997 die
1935 2960 2108 3002 menſchen

1383 3016 1443 3047 zur
1453 3007 1688 3052 gerechtigkeit
1702 3006 1928 3050 angemahnet
1928 3006 1944 3050 /
1956 3006 2027 3040 und
2040 3005 2109 3036 das

1385 3058 1470 3096 gute
1479 3059 1521 3089 zu
1526 3050 1616 3091 thun
1616 3050 1637 3091 /
1637 3050 1719 3091 weil
1729 3048 1870 3093 daſſelbe
1879 3050 1917 3082 in
1925 3047 2029 3088 ihnen
2036 3043 2112 3080 waͤ-

1387 3105 1430 3129 re.
1448 3092 1495 3133 (e)
1515 3092 1570 3134 Ja
1581 3094 1639 3128 der
1647 3094 1757 3133 HErr
1765 3092 1853 3131 habe
1858 3090 1952 3127 nicht
1962 3090 2065 3125 allein
2071 3092 2109 3122 in

1388 3138 1450 3171 den
1461 3134 1608 3176 wercken
1608 3134 1625 3176 /
1645 3138 1727 3176 (und
1737 3136 1796 3178 alſo
1805 3133 1877 3176 nach
1894 3136 1942 3168 der
1959 3133 2110 3172 wiederge-

1388 3178 1475 3220 burt)
1494 3177 1638 3221 ſondern
1638 3177 1724 3221 auch
1733 3182 1780 3214 im
1792 3177 1938 3224 glauben
1938 3177 1956 3224 /
1977 3171 2063 3216 (und
2063 3171 2109 3216 al-

1387 3223 1416 3264 ſo
1421 3230 1474 3256 vor
1479 3223 1539 3256 und
1545 3222 1574 3256 in
1580 3220 1737 3262 derſelben)
1753 3225 1827 3256 dem
1840 3219 2006 3260 menſchen
2012 3220 2108 3252 einen

1383 3263 1495 3308 freyen
1500 3264 1634 3308 eigenen
1641 3263 1754 3300 willen
1761 3260 1903 3309 gelaſſen
1903 3261 1920 3307 /
1926 3265 1974 3296 da
1980 3272 2014 3297 er
2019 3261 2110 3303 ſagt:

1385 3309 1439 3345 dir
1448 3306 1598 3353 geſchehe
1608 3308 1695 3349 nach
1704 3311 1831 3345 deinem
1836 3303 1992 3352 glauben.
2030 3305 2108 3339 Da-

472 1985 587 2026 Glaube

476 2294 619 2333 rechtferti-

477 2337 532 2369 get.

2110 2323 2209 2360 Gnade

2109 2363 2222 2399 GOttes

2110 2404 2200 2435 dabey.

2111 2914 2184 2949 Vom
2189 2912 2250 2951 frey-

2111 2958 2144 2989 en
2148 2955 2240 2987 willen.

2041 3350 2114 3384 mit
