2319 3928
263 314 511 373 kraͤnckter
551 300 1115 380 Gewiſſens-Freyheit
1141 310 1285 364 unter
1305 307 1469 361 einem
1499 299 1794 376 geſegneten

261 392 537 464 Regiment
565 390 673 450 und
701 382 927 459 Scepter
951 383 1157 456 geruhig
1197 384 1307 444 und
1327 374 1610 454 vergnuͤget
1646 383 1792 443 leben

255 471 478 532 koͤnnen.
567 463 732 530 Denn
755 464 1001 538 nachdem
1023 459 1185 530 dieſes
1209 456 1551 537 unſchaͤtzbare
1570 461 1792 522 Kleinod

256 554 344 611 der
362 549 694 621 allgemeinen
707 544 885 620 ſicher-
889 544 1000 605 und
1015 539 1365 617 zufriedenheit
1391 548 1539 602 unter
1557 553 1722 608 einem
1744 538 1798 613 ſo

255 626 581 702 Gnaͤdigſten
593 625 919 700 Oberhaupte
937 629 1197 696 jedermañ
1215 628 1368 691 unter
1368 628 1539 691 augen
1564 615 1774 694 leuchtet
1774 615 1798 694 /

255 713 365 772 und
381 706 515 779 nicht
533 715 635 768 nur
657 706 733 765 die
751 696 911 775 feinde
927 701 1019 776 der
1019 701 1235 776 wahren
1249 695 1572 775 Chriſtlichen
1588 699 1802 777 freyheit

255 782 625 861 nachdruͤcklich
643 764 921 858 beſchaͤmet
921 764 947 858 /
983 778 1193 853 ſondern
1217 779 1347 853 auch
1363 778 1519 852 durch
1539 786 1800 850 ungemei-

255 882 356 932 nen
365 867 700 942 wachsthum
711 860 1146 934 augenſcheinliche
1157 858 1348 930 proben
1367 856 1671 930 wol-
1671 856 1801 930 Goͤttlichen

258 943 512 1022 gefallens
534 957 608 1006 an
626 949 722 1006 den
740 952 826 1014 tag
846 940 988 1013 leget;
1028 937 1078 1011 so
1094 936 1230 1010 darff
1244 935 1488 1011 zweiffels
1508 935 1615 1010 frey
1627 954 1719 1000 ein
1739 944 1801 1011 je-

258 1030 356 1089 des
372 1025 616 1097 redliches
638 1011 878 1095 gemuͤthe
894 1025 970 1081 die
994 1013 1394 1094 unterthaͤnigſte
1410 1013 1679 1092 zuverſicht
1707 1016 1801 1091 faſ-

260 1106 345 1180 ſen
345 1106 374 1180 /
406 1113 550 1167 einen
566 1097 758 1176 antheil
778 1112 884 1164 von
900 1099 1052 1161 allem
1070 1097 1248 1170 dieſem
1278 1105 1436 1171 guten
1462 1105 1524 1172 zu
1538 1099 1768 1174 nehmen
1768 1099 1799 1174 /

260 1192 370 1249 und
394 1185 583 1260 mithin
606 1177 867 1253 wuͤrcklich
884 1185 946 1254 zu
964 1171 1218 1252 genieſſen.
1310 1175 1394 1241 Es
1412 1173 1471 1250 iſt
1495 1175 1626 1248 ſonſt
1639 1179 1719 1238 die
1736 1184 1803 1237 ei-

260 1267 484 1340 genliebe
484 1267 605 1340 dem
624 1257 881 1333 menſchen
881 1257 939 1333 ſo
956 1258 1052 1335 gar
1052 1258 1378 1335 angebohren
1378 1258 1410 1335 /
1450 1253 1559 1332 daß
1559 1253 1624 1332 er
1624 1253 1770 1332 alles
1770 1253 1805 1332 /

260 1350 384 1406 was
394 1354 498 1405 von
508 1344 618 1416 ihm
630 1336 760 1413 ſelbſt
770 1338 969 1400 kommt
969 1338 998 1400 /
998 1338 1124 1400 oder
1140 1338 1264 1412 doch
1284 1345 1663 1408 angenommen
1681 1338 1801 1399 und

260 1420 454 1482 æſtimirt
470 1425 602 1484 wird
602 1425 632 1484 /
654 1432 778 1492 gern
794 1417 922 1490 auch
942 1427 1046 1478 von
1058 1413 1192 1476 allen
1216 1420 1410 1479 andern
1420 1409 1577 1478 wolte
1587 1415 1797 1490 geliebet

258 1503 368 1562 und
380 1498 622 1573 geprieſen
642 1499 832 1576 haben:
868 1497 1056 1570 dahero
1076 1499 1212 1556 denn
1230 1497 1356 1571 auch
1368 1489 1420 1566 ſo
1432 1492 1539 1570 wol
1539 1492 1606 1570 in
1606 1492 1795 1570 profan-

258 1562 373 1650 und
373 1562 650 1650 weltlichen
650 1562 683 1650 /
683 1562 779 1650 als
792 1575 853 1650 in
853 1575 1129 1650 religions-
1144 1573 1256 1647 und
1256 1573 1698 1647 gewiſſensſachen
1713 1576 1796 1633 die

261 1657 638 1735 gefaͤhrlichſten
638 1657 823 1735 conſilia
839 1659 949 1718 und
965 1660 1185 1720 actiones,
1215 1653 1475 1728 blutigſten
1501 1655 1666 1726 kriege
1666 1656 1700 1724 /
1728 1661 1800 1707 in-

261 1738 513 1811 quiſitiones
531 1741 643 1801 und
665 1730 1025 1816 verfolgungen
1049 1741 1113 1810 zu
1125 1733 1271 1796 allen
1291 1742 1445 1809 zeiten
1471 1729 1788 1806 entſtanden.

261 1818 453 1880 Wann
463 1813 588 1889 aber
588 1813 668 1889 im
668 1813 949 1889 gegentheil
959 1821 1107 1874 unter
1115 1819 1281 1874 einem
1295 1807 1576 1886 Regiment
1596 1812 1671 1884 an
1671 1812 1792 1884 ſtatt

259 1898 561 1967 dergleichen
573 1896 735 1958 GOtt
751 1890 1065 1965 mißfaͤlligen
1083 1892 1361 1969 proceduren
1381 1897 1640 1964 jedermañ
1662 1882 1796 1968 ohne

260 1975 561 2046 unterſcheid
561 1975 585 2046 /
585 1975 716 2046 auch
726 1983 780 2033 in
790 1971 1058 2045 geiſtlichen
1072 1973 1506 2046 angelegenheiten
1506 1973 1534 2046 /
1534 1973 1797 2046 gerechtig-

262 2055 369 2116 keit
369 2055 400 2116 /
438 2058 602 2128 gnade
622 2057 730 2115 und
748 2036 892 2126 ſchutz
906 2048 1126 2127 ertheilet
1142 2055 1296 2114 wird;
1332 2047 1390 2122 iſt
1410 2049 1619 2122 ſelbiges
1639 2049 1791 2111 allein

262 2133 375 2198 von
375 2133 676 2198 GOTTes
684 2116 952 2206 liebreicher
960 2132 1105 2206 hand
1105 2132 1136 2206 /
1136 2132 1252 2206 und
1270 2141 1360 2192 vor
1374 2137 1452 2188 ein
1468 2125 1696 2203 gewiſſes
1696 2125 1793 2203 zei-

266 2213 382 2286 chen
400 2213 740 2285 danckbarlich
762 2212 1117 2285 anzunehmen
1117 2212 1144 2285 /
1164 2205 1266 2280 daß
1288 2194 1371 2280 die
1371 2194 1634 2280 Goͤttliche
1634 2194 1793 2280 weiß-

264 2293 368 2365 heit
368 2293 395 2365 /
436 2291 655 2365 (welche
670 2291 861 2366 allezeit
861 2291 965 2366 mit
982 2288 1103 2349 liebe
1116 2291 1227 2349 und
1246 2291 1513 2350 erbarmen
1528 2272 1792 2357 verknuͤpf-

265 2370 335 2444 fet
349 2370 406 2442 iſt
406 2370 457 2442 /)
497 2347 631 2446 nicht
649 2382 747 2432 nur
765 2378 819 2430 in
839 2377 1097 2442 regierung
1115 2364 1163 2439 ſo
1177 2365 1489 2442 mancherley
1509 2373 1790 2438 gattungen

267 2455 355 2511 der
363 2451 553 2514 voͤlcker
561 2451 667 2512 und
677 2449 952 2523 religionen
952 2449 977 2523 /
987 2446 1197 2517 ſondern
1209 2449 1339 2522 auch
1349 2453 1403 2507 in
1413 2445 1668 2520 heilſamer
1678 2466 1792 2498 tem-

267 2552 437 2602 peratur
453 2538 539 2591 der
553 2529 758 2605 gerecht-
758 2529 871 2605 und
887 2524 1139 2603 billichkeit
1139 2524 1169 2603 /
1193 2521 1457 2600 wuͤrcklich
1473 2523 1616 2586 allda
1634 2526 1792 2600 gehoͤr

267 2611 379 2671 und
389 2608 513 2684 platz
527 2603 785 2683 gefunden
793 2606 937 2684 habe.

406 2742 520 2811 Und
532 2745 697 2806 dieſes
712 2742 809 2804 iſts
809 2742 828 2804 /
828 2750 954 2806 was
969 2718 1156 2809 Ew.
1164 2715 1453 2809 Churfl.
1460 2710 1776 2809 Durchl.

268 2838 588 2911 Gnaͤdigſten
600 2837 776 2914 ſchirm
810 2838 1058 2900 DERO
1092 2847 1326 2911 getreuen
1344 2837 1679 2910 unterthanen
1703 2836 1787 2897 bil-

274 2917 368 2992 lich
386 2919 674 2993 hochwerth
674 2919 784 2993 und
798 2915 972 2991 theuer
972 2915 1178 2991 machet
1178 2915 1212 2991 /
1212 2915 1350 2991 auch
1350 2915 1522 2991 ſelbige
1536 2923 1631 2974 vor
1663 2914 1787 2978 DE-

270 2995 399 3059 RO
436 2995 753 3070 langwierige
766 2995 879 3069 und
879 2995 1131 3069 geſegnete
1146 3005 1405 3070 regierung
1424 2993 1698 3064 fernerweit
1709 2998 1786 3053 de-

275 3074 344 3144 ſto
373 3075 645 3152 ernſtlicher
675 3082 739 3149 zu
775 3074 919 3137 beten
959 3072 1251 3150 kräfftiglich
1285 3075 1541 3134 antreiben
1565 3074 1782 3146 moͤchte.

274 3153 414 3216 Eben
444 3151 608 3228 dieſes
633 3156 865 3218 erwecket
899 3154 1027 3225 auch
1043 3162 1097 3213 in
1131 3161 1233 3215 mir
1249 3160 1357 3214 das
1391 3151 1784 3226 unterthaͤnigſte

274 3221 548 3343 vertrauen
548 3221 578 3343 /
578 3221 696 3343 daß
696 3221 898 3343 Ew.
898 3221 1212 3343 Churfl.
1212 3221 1538 3343 Durchl.
1538 3221 1670 3343 dieſe
1692 3250 1782 3310 all-

1642 3340 1780 3399 gemei-
