1021 1647
129 355 162 401 ¶
176 355 258 394 Wie
268 355 337 390 das
348 361 423 390 von
441 349 636 398 Jeruſalem
647 349 719 392 hyn
730 356 792 392 gen
804 349 925 388 Rome

320 554 447 595 wirdig
458 550 551 590 buch
563 547 779 595 volbꝛingen.
125 555 234 599 nicht.
238 556 309 589 das

128 405 223 443 kam.
230 403 280 439 vñ
292 406 383 445 auch
395 405 471 436 dem
484 398 623 438 krãcken
638 395 766 443 Keyſer
777 397 925 441 ſchwere

126 453 243 502 ſeuchē
516 448 588 495 alſo
600 449 691 485 kund
703 446 755 492 ich
772 448 852 490 euch
862 451 929 485 des
357 450 505 496 Fronica
251 462 351 489 nam.

129 505 262 552 buches
283 501 372 550 ſtam
381 510 452 538 ann
465 506 581 546 gottes
868 498 924 542 ich
594 495 696 545 hylff
694 498 858 545 vermach

127 604 161 650 ¶
181 605 240 651 Jn
251 609 369 651 gottes
381 600 484 636 namē
495 598 571 643 ichs
579 601 641 632 den
649 595 733 632 leutē
744 597 849 633 kunde
863 596 924 645 Jn

128 810 193 851 got
204 805 280 838 dem
295 801 387 844 herrē
394 794 523 845 pflicht
535 796 609 830 vnd
619 793 708 829 leben
721 802 785 829 ane
798 791 916 839 ſunde.

124 661 230 701 gotes
241 663 287 688 ere
299 652 334 696 ſo
348 649 412 694 heb
425 649 501 693 ichs
513 648 562 682 die
567 644 667 681 lieder
677 655 737 681 an.
743 654 815 679 wer
823 645 864 688 ſie
874 647 923 683 nū

126 702 211 750 hoͤꝛt
220 705 283 737 mit
292 693 461 745 innigkeyt
471 696 557 732 weib
569 700 649 732 ader
660 703 756 731 man.
763 697 824 730 den
837 703 924 742 mag

123 751 263 800 deſſelbē
284 759 383 797 tages
396 745 593 789 nymerleyd
607 743 744 789 beſtan.
762 744 873 788 habes
884 754 923 787 zu

129 854 165 900 ¶
177 852 239 896 Die
252 852 343 886 deinē
355 847 418 894 guͤt
429 850 477 883 die
495 846 544 882 bit
556 846 611 889 ich
624 848 669 881 du
681 843 728 881 vil
740 851 842 887 zarter
859 851 923 891 got

125 1052 263 1101 freuden
275 1049 362 1096 muͤg
373 1047 600 1094 anſchawen.

125 900 268 946 verleich
280 900 345 936 mir
357 899 434 942 herr
444 898 493 934 ein
506 895 620 943 klugen
634 895 692 943 ſyn
705 900 779 932 vnd
793 894 923 940 weyſen

464 945 551 995 muͤg
562 945 701 994 geloben
713 953 775 993 got
787 944 856 987 frue
870 942 922 979 vñ
128 951 225 990 Rat.
230 953 301 988 das
372 948 451 994 dich
310 949 364 995 ich

126 1002 229 1050 ſpat.
243 999 295 1038 vñ
307 1002 375 1037 das
389 998 446 1044 ich
456 1000 546 1042 auch
557 998 632 1035 dein
643 995 755 1037 antlitz
858 994 924 1031 mit
768 996 855 1038 herr.

220 1103 295 1146 herr
305 1102 379 1137 dein
392 1097 456 1146 guͤt
468 1095 610 1144 erzeigeſt
621 1100 696 1129 vns
707 1097 771 1137 gar
781 1088 924 1135 manig-
164 1102 207 1139 O
125 1103 160 1147 ¶

124 1246 212 1302 deyn
223 1249 362 1302 geſtalt.
374 1248 476 1288 vnnd
490 1247 539 1286 die
551 1242 664 1291 beleyb
675 1242 710 1283 in
720 1239 847 1292 groſſer
858 1250 919 1279 ere.

122 1151 214 1201 falt.
226 1151 378 1188 darumb
388 1147 446 1193 ſoll
454 1150 520 1183 wir
532 1146 610 1189 dich
619 1141 718 1178 loben
726 1139 826 1186 beyde
838 1143 923 1187 iung

121 1204 201 1239 vnd
361 1204 408 1235 du
417 1207 491 1234 vns
503 1197 579 1241 herr
786 1193 839 1234 hie
850 1189 921 1236 lieſt
211 1200 273 1238 alt.
280 1200 348 1237 das
590 1187 677 1238 auff
678 1191 773 1229 erden

130 313 217 351 mug
228 303 382 349 ſprechen
395 302 486 338 vnde
495 298 627 345 ſingen.

129 205 190 251 her
201 215 238 245 zu
249 207 329 240 mir.
340 204 412 240 das
417 203 476 245 ich
488 204 538 237 ein
549 200 642 245 buch
654 206 717 238 mit
728 202 859 246 innikeit
870 208 928 249 ge-

131 253 254 300 mache
264 254 342 289 dir.
354 254 423 289 das
435 251 490 295 ich
502 258 576 287 von
589 250 718 288 deinem
730 251 926 300 angeſicht.

133 96 247 203 O
261 100 388 150 Suſſer
406 106 471 148 got
480 101 573 148 nach
585 99 660 138 dein
861 102 928 140 mei
791 98 851 150 ſtet
670 100 783 149 gnadē

258 152 350 200 begir
444 153 532 187 einen
544 153 634 199 engel
644 152 716 199 auß
728 155 802 188 dem
813 152 928 198 hymel
370 155 434 188 end
359 162 363 197 |
