1021 1647
133 101 248 205 O
261 100 389 151 Suſſer
406 106 472 149 got
481 101 574 148 nach
585 99 662 139 dein
670 100 784 149 gnadē
792 98 852 151 ſtet
861 102 929 141 mei

258 152 355 201 begir
355 152 367 201 |
367 152 435 201 end
444 161 533 188 einen
544 153 635 200 engel
645 152 717 199 auß
728 155 803 190 dem
813 153 929 199 hymel

129 206 191 251 her
200 214 238 246 zu
249 207 329 240 mir.
340 203 478 246 das ich
488 209 538 238 ein
549 200 644 246 buch
654 202 859 241 mit innikeit
870 208 930 250 ge-

131 253 255 301 mache
264 254 341 289 dir.
354 254 424 290 das
435 251 491 296 ich
503 258 578 288 von
590 250 719 288 deinem
730 251 927 301 angeſicht.

130 313 218 349 mug
228 303 383 349 ſprechen
395 302 487 339 vnde
495 298 628 346 ſingen.

176 355 259 395 Wie
267 355 339 390 das
348 360 425 390 von
441 349 637 399 Jeruſalem
647 349 720 392 hyn
729 356 793 393 gen
803 349 927 389 Rome

128 405 281 443 kam. vñ
292 405 384 447 auch
395 405 472 437 dem
485 399 623 439 krãcken
638 396 767 444 Keyſer
777 398 926 443 ſchwere

126 453 244 502 ſeuchē
251 449 506 497 nam. Fronica
516 448 589 495 alſo
600 449 692 486 kund
703 446 756 493 ich
772 448 853 491 euch
862 453 925 486 des

130 349 218 352 mug
228 349 383 350 ſprechen

129 504 264 550 buches
282 501 454 551 ſtam ann
464 506 583 547 gottes
594 495 692 546 hylff
692 495 859 546 vermach
868 498 926 543 ich

126 555 238 600 nicht.
238 555 310 600 das
321 554 448 596 wirdig
458 550 552 591 buch
563 547 780 596 volbꝛingen.

181 605 240 652 Jn
251 610 369 651 gottes
381 608 484 637 namē
495 598 577 644 ichs
577 598 642 644 den
652 595 734 633 leutē
744 596 850 645 kunde
863 596 925 645 Jn

124 661 231 702 gotes
241 663 289 688 ere
299 659 335 697 ſo
347 649 414 696 heb
424 649 503 694 ichs
513 648 564 682 die
573 644 669 683 lieder
677 645 742 689 an.
742 645 820 689 wer
820 645 866 689 ſie
874 657 924 684 nū

126 702 212 750 hoͤꝛt
220 705 284 737 mit
292 698 462 745 innigkeyt
471 696 558 733 weib
569 700 650 733 ader
660 698 825 732 man. den
837 703 925 743 mag

123 751 263 801 deſſelbē
284 759 384 798 tages
396 745 594 790 nymerleyd
607 742 745 790 beſtan.
762 744 874 789 habes
884 754 924 788 zu

127 810 194 851 got
204 805 282 839 dem
295 802 388 844 herrē
396 794 525 845 pflicht
534 796 611 831 vnd
619 793 710 830 leben
721 802 786 830 ane
797 791 917 841 ſunde.

177 852 240 889 Die
253 853 344 887 deinē
355 847 419 895 guͤt
429 850 478 884 die
495 846 545 883 bit
556 846 612 890 ich
624 848 670 882 du
681 843 729 882 vil
740 850 843 888 zarter
859 851 924 892 got

125 900 269 946 verleich
280 900 346 937 mir
357 899 433 943 herr
444 898 493 935 ein
506 895 621 944 klugen
634 894 693 944 ſyn
705 900 780 933 vnd
793 894 924 940 weyſen

128 951 302 991 Rat. das
310 949 365 996 ich
371 949 452 995 dich
464 945 552 995 muͤg
562 945 703 995 geloben
712 953 776 993 got
787 944 858 989 frue
869 952 924 978 vñ

127 1002 230 1051 ſpat.
244 1010 296 1039 vñ
307 1002 376 1037 das
389 998 447 1044 ich
456 999 547 1044 auch
558 998 633 1036 dein
643 995 755 1037 antlitz
768 994 859 1039 herr.
859 994 925 1039 mit

125 1051 264 1102 freuden
275 1049 363 1097 muͤg
373 1047 601 1095 anſchawen.

162 1102 210 1149 O
210 1102 296 1148 herr
305 1102 381 1138 dein
392 1097 458 1146 guͤt
467 1095 611 1144 erzeigeſt
621 1100 697 1130 vns
707 1098 773 1137 gar
781 1088 926 1136 manig-

124 1151 215 1202 falt.
226 1150 379 1189 darumb
388 1147 447 1193 ſoll
454 1151 521 1184 wir
532 1146 611 1189 dich
619 1141 719 1179 loben
726 1139 827 1187 beyde
837 1142 924 1188 iung

121 1204 201 1240 vnd
211 1200 273 1239 alt.
280 1206 349 1237 das
361 1203 409 1237 du
417 1207 492 1235 vns
503 1197 580 1242 herr
590 1186 677 1240 auff
677 1186 774 1240 erden
786 1192 840 1235 hie
850 1189 922 1237 lieſt

124 1254 213 1303 deyn
223 1250 363 1302 geſtalt.
373 1248 477 1289 vnnd
489 1246 541 1287 die
551 1242 665 1292 beleyb
675 1242 711 1280 in
719 1238 849 1293 groſſer
858 1250 920 1279 ere.
