2811 4026
490 318 1346 434 GEORGICA
1398 318 2154 446 CURIOSA.

1241 448 1313 483 Das
1327 444 1385 489 iſt:

614 479 1094 580 Umſtaͤndlicher
1099 485 1345 575 Bericht
1365 493 1481 561 und
1499 491 1671 565 klarer
1681 493 2013 583 Unterricht

1213 577 1310 620 Von
1325 577 1409 618 dem

292 651 1282 887 Adelichen
1282 650 1938 883 Land
1962 762 2002 826 -
2026 658 2350 886 und

295 1107 406 1174 Auf
420 1109 502 1163 alle
513 1111 563 1164 in
572 1101 868 1172 Teutſchland
881 1098 1048 1164 uͤbliche
1065 1097 1321 1157 Land-und
1339 1102 1900 1174 Haus-Wirthſchaſſten
1918 1107 2148 1175 gerichtet/
2160 1107 2243 1176 hin
2254 1113 2348 1169 und

407 1179 536 1223 wieder
552 1176 619 1223 mit
630 1175 745 1219 vielen
756 1177 1023 1223 untermengten
1037 1180 1142 1216 raren
1154 1165 1416 1226 Erfindungen
1427 1171 1502 1219 und
1515 1174 1806 1231 Experimenten
1815 1175 1978 1231 verſehen
1985 1183 2005 1223 /
2013 1179 2104 1225 einer
2110 1177 2240 1225 merck-

635 1232 746 1283 lichen
759 1224 906 1282 Anzahl
919 1228 1061 1280 ſchoͤner
1070 1225 1235 1281 Kupffer
1235 1223 1412 1281 gezieret/
1416 1231 1500 1273 und
1500 1232 1549 1274 in
1564 1226 1723 1286 Zweyen
1737 1234 2018 1287 abſonderlichen

848 1282 1024 1338 Theilen/
1033 1283 1136 1327 deren
1143 1284 1240 1335 jeder
1249 1288 1286 1327 in
1296 1283 1430 1337 Sechs
1438 1287 1615 1341 Bůchern
1628 1288 1793 1342 beſtehet/

1195 1338 1451 1387 vorgeſtellet;

982 1391 1081 1450 Alſo
1091 1396 1174 1438 und
1185 1392 1397 1450 dergeſtalt
1408 1398 1424 1445 /
1440 1397 1520 1454 daß
1534 1400 1574 1447 in
1587 1401 1678 1449 dem

1103 1457 1352 1561 Erſten
1352 1457 1573 1561 Theil

963 1918 1123 2017 Jm
1155 1921 1423 2003 Andern
1457 1921 1667 2011 Theil

301 1570 400 1623 Der
416 1564 650 1624 Landguͤter
663 1560 996 1625 Zugehoͤrungen
1019 1569 1101 1611 und
1122 1562 1469 1622 Beobachtungen
1488 1568 1510 1617 /
1539 1571 1612 1616 wie
1640 1566 1712 1624 ſich
1734 1564 1965 1625 Chriſtliche
1984 1564 2257 1625 Hausvaͤtter
2273 1573 2357 1619 und

303 1623 529 1681 Hausmuͤtter
539 1626 571 1666 in
579 1625 679 1673 ihrem
687 1626 813 1672 gantzen
821 1619 957 1673 Beruff
963 1633 976 1665 /
988 1621 1085 1672 ſowol
1098 1623 1215 1664 inner-
1225 1619 1280 1664 als
1297 1621 1481 1674 auſſerhalb
1491 1623 1552 1665 des
1562 1623 1699 1676 Hauſes
1711 1634 1726 1666 /
1741 1625 1775 1667 in
1786 1624 1872 1667 allen
1882 1620 2150 1674 Begebenheiten
2159 1625 2226 1666 und
2238 1625 2358 1676 fuͤrfal-

383 1676 500 1728 lenden
509 1671 889 1720 Veraͤnderungen/ als
900 1674 980 1720 auch
999 1672 1096 1719 durch
1109 1673 1173 1713 das
1184 1678 1290 1721 gantze
1300 1672 1495 1722 Jahr/ mit
1504 1676 1587 1715 allen
1598 1675 1753 1718 Arbeiten
1769 1679 1836 1717 und
1843 1675 2098 1721 Anſtellungen/
2115 1676 2160 1716 im
2168 1675 2274 1725 Haus

524 1727 591 1768 und
601 1724 701 1775 Felde
710 1731 726 1764 /
737 1723 803 1763 und
812 1731 909 1769 gegen
917 1722 1109 1771 Jederman
1123 1730 1160 1768 zu
1168 1723 1335 1768 verhalten
1347 1733 1362 1762 /
1375 1723 1454 1769 auch
1466 1723 1528 1762 wie
1547 1724 1599 1765 die
1610 1723 1821 1771 Weinberge
1830 1733 1848 1764 /
1857 1722 2135 1772 Obſt-Kuchen-

794 1769 1023 1819 Artzney-und
1035 1766 1359 1814 Blumen-Gaͤrten
1377 1771 1442 1819 auf
1455 1772 1520 1810 das
1540 1771 1621 1821 beſte
1632 1774 1861 1822 einzurichten/

1069 1828 1109 1869 zu
1121 1823 1249 1861 warten
1263 1822 1327 1861 und
1341 1830 1377 1870 zu
1394 1820 1581 1870 genieſſen/

1239 1870 1416 1917 enthalten.

299 2030 400 2083 Wie
400 2030 481 2083 der
488 2038 620 2092 gantze
638 2023 820 2085 Feldbau
832 2025 913 2083 auf
927 2027 1007 2076 das
1026 2021 1211 2081 leichteſte
1219 2023 1345 2084 /beſte
1359 2028 1443 2075 und
1460 2022 1673 2084 nuͤtzlichſte
1687 2028 1971 2076 anzuordnen/
1991 2021 2109 2074 ſowol
2125 2024 2169 2074 in
2184 2026 2259 2076 den
2272 2023 2357 2077 Ge-

306 2090 579 2143 stuͤttereyen/ die
591 2083 786 2137 Pferdzucht
799 2086 864 2126 und
874 2079 1072 2133 Abrichtung
1085 2093 1099 2126 /
1110 2082 1168 2125 als
1176 2079 1260 2133 auch
1275 2085 1308 2125 in
1320 2080 1385 2132 den
1385 2080 1613 2132 Mayerhoͤfen
1629 2085 1715 2127 alles
1726 2084 1943 2134 Vieh/ groß
1952 2085 2020 2126 und
2026 2079 2109 2126 klein
2122 2095 2139 2125 /
2150 2090 2186 2133 zu
2195 2083 2360 2134 beſtellen/

307 2142 566 2182 aufzubringen/ zu
575 2134 741 2181 pflegen/ zu
752 2136 904 2177 genieſſen/
919 2140 974 2167 und
989 2139 1033 2167 der
1040 2135 1268 2174 Wieſenwachs/
1277 2134 1343 2172 auch
1352 2137 1394 2166 die
1401 2134 1513 2166 Bienen
1524 2139 1578 2165 und
1588 2133 1889 2170 Seidenwuͤrme/ mit
1899 2141 1994 2175 gutem
2008 2135 2145 2172 Vortheil
2159 2144 2191 2174 zu
2199 2137 2362 2179 verſorgen/

418 2184 525 2224 allerley
533 2178 692 2221 Waſſerlust
700 2183 752 2211 mtt
759 2176 915 2212 Bronnen/
923 2177 1080 2216 Ciſternen/
1087 2176 1229 2210 Canalen/
1236 2175 1469 2215 Waſſerkuͤnſten/
1477 2175 1542 2212 auch
1550 2174 1721 2214 Ausfluͤſſen/
1729 2176 1830 2211 Seen/
1837 2176 1969 2214 Teichen/
1976 2177 2137 2213 Weyhern/
2145 2174 2260 2217 Baͤchen

562 2226 618 2258 und
625 2220 797 2263 Fiſchereyen
806 2227 837 2259 zu
844 2215 1176 2260 schoͤpffen/ die Gehuͤltze
1184 2226 1215 2257 zu
1223 2217 1589 2257 pflantzen/ zu hayden/ zu
1597 2216 1765 2254 verbeſſern;
1783 2218 1848 2253 auch
1862 2217 2002 2255 allerhand
2011 2218 2109 2251 Weid-

751 2260 900 2296 werck/ mit
909 2260 1024 2300 groſſem
1034 2262 1089 2291 und
1101 2259 1213 2291 kleinem
1220 2258 1379 2297 Wildpret/
1387 2256 1488 2288 Wald-
1495 2260 1550 2289 und
1558 2255 1741 2298 Feldgefluͤgel
1748 2266 1780 2298 zu
1789 2258 1894 2291 treiben
1900 2263 1917 2295 /

1185 2298 1366 2340 abgehandelt
1379 2301 1461 2334 wird.

511 2351 681 2417 Durch
693 2355 769 2409 ein
779 2347 1003 2415 Mitglied
1017 2349 1093 2409 der
1109 2343 1341 2419 Hochloͤbl.
1359 2341 1827 2419 Fruchtbringenden
1837 2343 2149 2417 Geſellſchafft

1137 2431 1208 2467 ans
1220 2419 1334 2473 Liecht
1350 2419 1514 2473 gegeben.

1207 3415 1462 3474 Nuͤrnberg/

423 3496 500 3565 Jn
516 3498 786 3563 Verlegung
804 3489 1005 3563 Johann
1013 3485 1282 3557 Friederich
1282 3485 1644 3557 Endters/ und
1653 3483 1868 3553 Michael
1886 3481 2096 3543 Endters
2109 3480 2254 3541 Seel.

731 3560 1012 3614 nachgelaſſenen
1023 3550 1166 3609 Wittib
1179 3562 1254 3607 und
1263 3557 1400 3609 Erben.
1434 3559 1512 3614 Jm
1527 3558 1634 3614 Jahr
1646 3558 1781 3614 Chriſti
1811 3558 1942 3600 1682.
