2811 4027
1188 656 1485 767 Zuſchrifft
1485 656 1521 767 /

438 786 544 872 An
562 781 651 884 die
651 781 1098 884 Hochloͤblichen
1098 781 1126 884 /
1126 781 1334 884 beeder
1354 776 1898 882 Ertzhertzogthum
1910 787 2260 884 Oeſterreich

976 878 1259 935 Unter-und
1282 877 1402 934 Ob-
1422 877 1499 936 der
1518 873 1719 949 Ennß/

624 966 941 1101 geſamte
960 965 1305 1096 Herren
1318 963 1663 1096 Herren
1676 968 2067 1101 Staͤnde.

705 1148 833 1234 CH
833 1148 1062 1234 komme
1062 1148 1231 1234 nicht
1231 1148 1256 1234 /
1256 1148 1393 1234 mit
1393 1148 1596 1234 dieſem
1596 1148 1633 1234 /
1633 1148 2094 1234 Hochwehrteſte
2094 1148 2332 1234 Herren
2332 1148 2361 1234 /

708 1238 1065 1318 Herren/Eur
1076 1237 1269 1326 Gunst
1276 1242 1395 1309 und
1404 1239 1813 1328 Ircundschafft
1824 1237 2033 1331 einigen
2042 1246 2361 1335 Unterricht

703 1333 765 1392 in
781 1330 875 1393 der
891 1322 1315 1406 Haushaltung
1336 1329 1456 1394 und
1480 1314 1933 1414 Wtrthfchafften
1976 1331 2209 1419 (welche
2222 1335 2363 1420 ohne

716 1438 2361 1500 diß/ die meiſten unter Jhnen haubtſaͤchlich verſtehen/ und
703 1509 817 1566 vim
827 1501 999 1565 denen
1010 1495 1092 1578 ich
1101 1494 1250 1581 selbst
1258 1494 1441 1576 bessere
1454 1500 1779 1562 Information
1790 1504 2153 1589 nehmcn/als
2163 1507 2364 1593 Ihnen

348 1590 705 1661 arbenkönte)
732 1580 1201 1664 vormscbretbcn;
1230 1581 1459 1664 sondern
1490 1585 1759 1673 vielmehr
1780 1590 1911 1675 diese
1930 1598 2109 1662 meine
2128 1595 2365 1666 Gcdan-

351 1684 655 1748 ckcn/dercn
663 1677 965 1753 geneigtem
971 1665 1196 1752 Urthetl
1208 1674 1324 1737 und
1334 1668 1732 1757 willfährigem
1740 1673 1954 1762 Schutz
1965 1691 2034 1765 zu
2044 1683 2368 1764 untergeben

350 1763 812 1839 undmzuetgnen.
892 1753 1009 1836 Ich
1028 1752 1149 1824 will
1170 1751 1339 1822 allein
1356 1754 1471 1839 hier
1486 1757 1705 1828 melden
1722 1771 1747 1837 /
1766 1748 1880 1848 daß
1896 1763 1981 1833 die
2010 1765 2365 1851 geschickliche

349 1842 742 1928 Wtffrnschafft
760 1837 904 1921 recht
915 1842 1104 1923 Haus
1111 1850 1177 1925 zu
1189 1839 1377 1921 halten
1390 1851 1414 1915 /
1428 1842 1568 1925 nach
1584 1847 1675 1914 der
1695 1842 2101 1935 Himmlischen
2122 1845 2366 1924 Geclcn-

350 1940 383 2002 7
392 1939 639 2007 kabrung
648 1935 731 1998 die
744 1925 1143 2009 allcrnöhttgste
1152 1923 1235 2009 sey
1246 1936 1269 2000 /
1278 1928 1575 2014 angesehen
1592 1926 1749 2016 unser
1770 1935 2157 2023 menschliches
2170 1937 2367 2016 Leben/

351 2025 586 2090 wofernr
605 2022 712 2088 wir
732 2018 816 2082 die
834 2012 1023 2095 wahre
1042 2007 1357 2098 Christliche
1376 2013 1525 2086 Liebe
1542 2020 1661 2088 und
1682 2020 1943 2104 Einigkeit
1966 2029 2029 2093 in
2048 2035 2173 2095 uns
2194 2030 2347 2109 etnge

352 2105 587 2175 wurkelt
597 2103 813 2175 hätten/
824 2101 1079 2169 einander
1092 2095 1241 2181 nicht
1254 2099 1597 2185 beleidigten/
1608 2109 2053 2186 unterdrückten/
2063 2113 2191 2183 oder
2211 2112 2369 2183 über-

353 2189 1091 2263 vortbeilten/keincrandetn
1108 2182 1425 2268 Obrigkeit/
1442 2187 1543 2259 als
1562 2189 2037 2272 GOtteS/keiner
2056 2197 2370 2284 RechtSgc-

353 2282 587 2346 lebrten/
603 2275 705 2343 als
715 2278 807 2341 der
829 2269 1749 2357 eingepflantztenBilligkelt/was
1767 2294 1909 2350 man
1927 2278 2076 2369 selbst
2087 2299 2225 2369 gern
2241 2291 2369 2357 oder

354 2380 592 2434 «naerne
603 2361 1023 2435 hat/undkeiner
1038 2357 1369 2441 Acrtzte/alS
1380 2375 1489 2428 nur
1502 2368 1595 2431 der
1606 2364 1915 2447 Mäffigkett
1930 2371 2201 2451 bedörffen
2212 2371 2368 2441 wür¬

353 2464 459 2515 den
479 2476 493 2488 -
541 2458 615 2518 da
627 2447 889 2523 hingegen
899 2442 1089 2511 GOtt
1105 2446 1199 2509 der
1215 2442 1413 2527 oberste
1433 2438 1717 2526 Schöpfer
1727 2457 1751 2523 /
1765 2446 2019 2533 Erhalter
2029 2458 2147 2523 und
2159 2455 2371 2538 Haus-

356 2506 532 2603 nntt'er
544 2531 841 2605 Gimmels
852 2532 967 2596 und
978 2533 1067 2597 der
1078 2528 1259 2597 Erden
1268 2538 1291 2602 /
1302 2533 1429 2600 dem
1438 2526 1761 2616 Menschen/
1774 2534 1911 2619 noch
1926 2543 2011 2608 im
2022 2538 2259 2611 Stande
2274 2547 2369 2615 der

355 2620 767 2712 Unschuld/als
777 2617 971 2701 seinem
985 2613 1690 2700 Derwalker/Pflegcrund
1699 2622 1995 2707 Obervogt
2005 2638 2029 2700 /
2039 2627 2187 2711 nicht
2199 2629 2367 2699 allein

341 2725 2356 2795 die Mayrſchafft und Obſicht/ uͤber alle ſeine/ auf dem gantzen Erdbo-
373 2816 2360 2873 den/ in Lufft und Waſſern befindliche Geſchoͤpfe/ ſondern auch das
358 2703 447 2783 asesBtesÄä®
447 2703 831 2783 asesBtesÄä®
831 2703 954 2783 asesBtesÄä®
954 2703 1190 2783 asesBtesÄä®
1190 2703 1217 2783 asesBtesÄä®
1217 2703 1353 2783 asesBtesÄä®
1353 2703 1481 2783 asesBtesÄä®
1481 2703 1613 2783 asesBtesÄä®
1613 2703 1664 2783 asesBtesÄä®
1664 2703 1777 2783 asesBtesÄä®
1777 2703 1920 2783 asesBtesÄä®
1920 2703 2156 2783 asesBtesÄä®
2156 2703 2372 2783 asesBtesÄä®
358 2783 469 2885 asesBtesÄä®
469 2783 502 2885 asesBtesÄä®
502 2783 570 2885 asesBtesÄä®
570 2783 725 2885 asesBtesÄä®
725 2783 851 2885 asesBtesÄä®
851 2783 1124 2885 asesBtesÄä®
1124 2783 1446 2885 asesBtesÄä®
1446 2783 1755 2885 asesBtesÄä®
1755 2783 1816 2885 asesBtesÄä®
1816 2783 2076 2885 asesBtesÄä®
2076 2783 2233 2885 asesBtesÄä®
2233 2783 2372 2885 asesBtesÄä®
358 2885 604 2971 asesBtesÄä®
604 2885 877 2971 asesBtesÄä®
877 2885 1234 2971 asesBtesÄä®
1234 2885 1247 2971 asesBtesÄä®
1247 2885 1369 2971 asesBtesÄä®
1369 2885 1602 2971 asesBtesÄä®
1602 2885 1880 2971 asesBtesÄä®
1880 2885 1997 2971 asesBtesÄä®
1997 2885 2233 2971 asesBtesÄä®
2233 2885 2341 2971 asesBtesÄä®
2341 2885 2372 2971 asesBtesÄä®
358 2971 515 3059 asesBtesÄä®
515 2971 628 3059 asesBtesÄä®
628 2971 696 3059 asesBtesÄä®
696 2971 908 3059 asesBtesÄä®
908 2971 1195 3059 asesBtesÄä®
1195 2971 1397 3059 asesBtesÄä®
1397 2971 1825 3059 asesBtesÄä®
1825 2971 1849 3059 asesBtesÄä®
1849 2971 1966 3059 asesBtesÄä®
1966 2971 2090 3059 asesBtesÄä®
2090 2971 2240 3059 asesBtesÄä®
2240 2971 2372 3059 asesBtesÄä®
358 3059 432 3149 asesBtesÄä®
432 3059 509 3149 asesBtesÄä®
509 3059 875 3149 asesBtesÄä®
875 3059 1161 3149 asesBtesÄä®
1161 3059 1307 3149 asesBtesÄä®
1307 3059 1347 3149 asesBtesÄä®
1347 3059 1468 3149 asesBtesÄä®
1468 3059 1541 3149 asesBtesÄä®
1541 3059 1840 3149 asesBtesÄä®
1840 3059 1911 3149 asesBtesÄä®
1911 3059 2182 3149 asesBtesÄä®
2182 3059 2341 3149 asesBtesÄä®
2341 3059 2372 3149 asesBtesÄä®
358 3149 484 3222 asesBtesÄä®
484 3149 544 3222 asesBtesÄä®
544 3149 648 3222 asesBtesÄä®
648 3149 855 3222 asesBtesÄä®
855 3149 972 3222 asesBtesÄä®
972 3149 1287 3222 asesBtesÄä®
1287 3149 1307 3222 asesBtesÄä®
1307 3149 1627 3222 asesBtesÄä®
1627 3149 2015 3222 asesBtesÄä®
2015 3149 2032 3222 asesBtesÄä®
2032 3149 2154 3222 asesBtesÄä®
2154 3149 2372 3222 asesBtesÄä®
358 3222 511 3306 asesBtesÄä®
511 3222 718 3306 asesBtesÄä®
718 3222 734 3306 asesBtesÄä®
734 3222 846 3306 asesBtesÄä®
846 3222 917 3306 asesBtesÄä®
917 3222 1124 3306 asesBtesÄä®
1124 3222 1303 3306 asesBtesÄä®
1303 3222 1633 3306 asesBtesÄä®
1633 3222 2044 3306 asesBtesÄä®
2044 3222 2076 3306 asesBtesÄä®
2076 3222 2204 3306 asesBtesÄä®
2204 3222 2372 3306 asesBtesÄä®
358 3306 659 3400 asesBtesÄä®
659 3306 780 3400 asesBtesÄä®
780 3306 934 3400 asesBtesÄä®
934 3306 1186 3400 asesBtesÄä®
1186 3306 1344 3400 asesBtesÄä®
1344 3306 1384 3400 asesBtesÄä®
1384 3306 1517 3400 asesBtesÄä®
1517 3306 1733 3400 asesBtesÄä®
1733 3306 1763 3400 asesBtesÄä®
1763 3306 1872 3400 asesBtesÄä®
1872 3306 1995 3400 asesBtesÄä®
1995 3306 2211 3400 asesBtesÄä®
2211 3306 2372 3400 asesBtesÄä®
358 3400 418 3487 asesBtesÄä®
418 3400 793 3487 asesBtesÄä®
793 3400 1076 3487 asesBtesÄä®
1076 3400 1102 3487 asesBtesÄä®
1102 3400 1327 3487 asesBtesÄä®
1327 3400 1627 3487 asesBtesÄä®
1627 3400 1746 3487 asesBtesÄä®
1746 3400 2211 3487 asesBtesÄä®
2211 3400 2373 3487 asesBtesÄä®

375 2893 2358 2971 nicht daß er muͤſſig darinnen herum Luſt-wandeln/ und alſo ſeine Tä-
364 2979 2356 3057 ge in Muͤſſiggang verzehren ſolte; ſed ut operaretur & cuſtodiret illum,
378 3073 2361 3138 daß er ihn bauete und bewahrete. Jnmaſſen denckwuͤrdig/ daß Moſes
367 3150 2351 3223 nicht meldet/ als ob GOtt dieſen holdſeligen Freuden-Ort (wie ſeiner
372 3234 2366 3310 Allmacht ſehr leicht geweſen waͤre) aus Nichts/ wie das andere groſ-
372 3326 2341 3401 ſe Weltgebaͤue erſchaffen/ ſondern gleichſam mit abſonderlichem belie-
1624 3526 1655 3567 a
1691 3528 1720 3566 i
1709 3546 1720 3573 j

2237 3514 2365 3582 bigen
