1736 2362
239 201 822 308 Der Cardinal ſtand
153 1375 857 1458 Damit des Bapſts reych wuͤrd geacht
153 1433 833 1507 Muſt ehꝛs angreyffen gar mit macht
152 1489 848 1569 Vil herꝛen vnd knecht můſt er machen
152 1541 752 1610 Die nuͤtz waren zů ſeynen ſachen
149 1594 723 1667 Als Cardinel vnd andere mehꝛ
150 1647 773 1723 Der gleychen folgt ein groſſes heer
150 1695 765 1774 Die ſeckt gantz roth gekleydet war
148 1757 817 1842 An der haud was nicht gut eyn har.
893 194 1602 309 Der Patriarchen ſtandt.
900 1386 1552 1474 Damit der Bapſt moͤcht krigen gelt
900 1446 1474 1517 Teylt ehꝛ ſeyn glieder in die welt
908 1497 1604 1583 Durch gut geſtalt vnd frům̃en ſcheyn
900 1552 1543 1628 Welchs ſeyn fiſchhame muſte ſeyn
902 1603 1543 1686 Gekleydt war der oꝛden gantz weyß
900 1661 1490 1738 Auch petten ſehꝛ mit allem fleyß
900 1711 1495 1783 From̃ Patriarchen woltens ſeyn
905 1764 1548 1843 Der ſach ſie gaben nuͤr eyn ſcheyn.
1404 1829 1518 1900 A iij
