1214 1916
554 114 613 145 103.

143 150 317 191 Derſelben/
328 154 374 183 der
381 157 447 183 man
458 149 509 181 wil
518 149 575 181 kein
585 148 679 181 Blutt
688 152 750 186 zum
760 143 861 183 Opffer
870 141 971 182 geben!

78 192 139 231 565.
139 192 223 231 Weil
231 194 375 225 Niemand
383 194 427 227 ihr
438 191 559 224 Gebein’
571 195 627 221 aus
638 185 775 224 koſtbarm
775 185 888 224 Waſſer
896 182 1018 221 waͤſch’t/

144 236 209 266 Und
221 238 262 266 die
273 235 338 272 noch
349 233 463 274 glimme
463 233 558 274 Glutt
568 231 648 266 durch
656 230 729 261 keine
737 226 844 264 Thraͤn’
854 224 1021 265 außlaͤſch’t/

144 277 195 308 So
207 277 299 315 wasch’
311 281 366 306 und
379 275 457 315 leſche
468 276 500 311 ſie
511 276 586 304 mein
601 273 764 311 ſpritzendes
782 267 941 301 Gebluͤtte;

144 317 190 351 Eh
200 318 248 348 als
256 317 306 356 der
306 317 417 356 Kaͤyſer
425 316 494 351 mich
503 319 557 346 mit
566 314 644 350 Blitz
653 316 710 344 und
725 311 781 347 Ach
790 307 974 346 umbſchuͤtte.

145 358 214 392 Viel
223 359 324 399 beſſer:
334 359 406 395 Daß
418 361 461 389 ein
473 356 565 392 Dolch
575 355 621 386 die
621 355 717 386 Adern
726 353 835 391 ſchneid’
844 355 974 389 entzwey/

79 401 145 441 570.
145 401 209 441 Und
220 404 293 431 mein
304 400 466 438 unſchuldig
476 398 570 431 Blutt
579 399 622 427 ein
632 397 727 426 reines
738 392 840 432 Opffer
848 393 907 430 sey;

143 441 218 472 Als:
229 442 282 478 daß
292 446 324 472 es
335 441 390 481 auf
390 441 440 481 der
448 440 534 473 Rach’
546 436 732 475 entweyhtem
748 432 1019 468 Schmach-Altare

143 482 207 515 Der
216 482 483 518 Mord-Verraͤther
492 480 610 513 Grimm
621 483 665 509 der
675 477 795 514 Hencker
804 475 880 512 Pein
898 473 1021 512 erfahre.

145 523 232 555 Wie?
244 522 389 564 Mneſter/
389 522 534 564 zitterſtu?
543 520 658 560 ſchreck’t
667 518 727 551 Tod
738 520 794 549 und
804 515 936 548 Sterben
947 516 1018 547 dich.

147 565 228 597 Was
237 566 369 604 ſtarꝛſtu?
376 566 480 600 hemmt
487 562 551 594 dein
551 562 622 594 Arm
630 561 696 597 noch
704 563 753 590 den
763 556 912 594 behertzten
912 556 1023 594 Stich?

82 609 131 640 575.
145 605 250 647 Sloß/
250 605 395 647 Mneſter/
395 605 476 647 ſtoß/
476 605 537 647 ſtoß
547 604 595 643 zu!
610 602 692 639 durch
702 600 769 640 ſolch
787 599 939 641 bepurpert
954 598 1018 637 ſter-

492 646 544 677 ben

143 689 210 722 Kan
218 694 274 721 aus
286 691 336 720 den
347 688 483 720 Wunden
493 695 560 719 man
569 686 628 721 ihm
637 682 879 723 Ehren-Fahnen
890 680 1003 722 faͤrben.

144 733 225 761 Paris.
234 730 368 769 Schau/
368 730 453 769 wie/
453 730 538 769 wenn
555 731 625 758 man
625 731 675 758 der
695 725 836 763 Schlang’
853 722 904 763 ihr
904 722 1019 763 giftigs

452 770 556 809 Haupt
567 765 734 807 abſchlaͤg’t/

142 813 208 852 Jhr
216 812 368 851 Schwantz
378 815 436 844 und
445 812 545 844 Brutt
556 810 604 846 ſich
614 809 692 849 ſelbſt
855 814 887 848 zu
700 805 760 841 in’s
760 805 846 841 Grab
895 806 1021 846 ſcharren

478 853 592 892 pflaͤg’t.

146 896 248 929 Mneſt.
257 893 322 935 Jhr
322 893 507 935 Schlangen/
507 893 572 935 gebt
584 890 635 927 den
635 890 725 927 Stich
734 892 789 925 mir
799 891 855 921 und
865 891 910 920 der
920 888 1030 927 Agrip-

494 938 569 973 pine.

83 978 146 1015 580.
146 978 227 1015 Anic.
239 978 343 1016 Schau
354 980 406 1008 wie
417 976 464 1009 die
464 976 581 1009 Natter
591 975 656 1011 noch
666 982 699 1014 zu
711 971 829 1013 zuͤngeln
841 970 889 1011 ſich
900 967 1026 1004 erkuͤhne!

150 1019 256 1053 Mneſt.
256 1019 323 1053 Die
340 1019 463 1059 Zunge/
463 1019 513 1059 die
527 1018 606 1056 ſchon
626 1014 734 1055 ſtirb’t/
734 1014 770 1055 iſt
782 1013 851 1045 alles
867 1011 1032 1051 Heuchelns

493 1059 567 1098 frey.

150 1102 236 1135 Paris.
246 1102 326 1135 Man
338 1101 445 1138 lach’t/
458 1106 566 1135 wenn/
580 1106 636 1131 wer
645 1098 807 1138 verſpiel’t/
816 1098 858 1128 die
870 1094 961 1127 Karte
971 1094 1034 1134 reiſt

489 1147 616 1179 entzwey.

151 1182 309 1216 Verblutte
319 1183 401 1214 Seel’
417 1186 472 1215 und
481 1178 591 1221 Geiſt/
591 1178 719 1221 verkuͤhle
727 1179 803 1217 Zorn
812 1181 869 1210 und
877 1177 992 1210 Gallen.

152 1226 210 1259 Ein
221 1227 269 1264 ſich
279 1224 501 1265 ſelbſt-ſtuͤrtzend
516 1224 608 1263 Feind
619 1223 727 1261 bring’t
736 1221 823 1261 ſuͤſſes
836 1219 1036 1259 Wolgefallen.

211 1302 370 1353 Nero.
392 1297 658 1353 Zoroaſter.
670 1294 805 1355 Sein
805 1294 998 1355 Diener.

402 1371 537 1424 Paris.
558 1369 796 1420 Anicetus.

88 1470 148 1510 585.
156 1475 242 1512 Nero.
252 1475 325 1512 Hier
333 1474 366 1511 iſt
377 1478 423 1506 der
431 1473 524 1510 Orth/
524 1473 576 1510 den
589 1477 625 1503 du
636 1480 697 1512 zum
707 1470 808 1509 Opffer
818 1471 861 1498 dir
872 1465 1036 1504 beſtimm’t.

159 1516 286 1548 Zoroaſt.
297 1515 381 1552 Sehr
390 1516 465 1548 wol:
492 1514 545 1551 daß
559 1516 624 1549 noch
634 1513 676 1545 die
692 1513 763 1552 Aſch’
777 1514 834 1544 und
844 1509 888 1546 ihr
907 1507 1035 1541 Gebeine

506 1556 647 1595 glimm’t.

163 1598 245 1631 Was
257 1599 323 1630 aber
333 1595 437 1635 raͤchelt
444 1597 504 1636 hier
512 1596 562 1636 fuͤr
572 1596 631 1627 eine
641 1594 761 1634 blutt’ge
770 1592 875 1629 Leiche?

163 1640 250 1681 Anic.
250 1640 313 1681 Ein
336 1640 384 1681 ſich
402 1636 631 1681 ſelbſt-leſchend
648 1638 754 1672 Brand
771 1635 829 1669 von
846 1630 1047 1674 Agrippinens

504 1679 628 1716 Seuche.

558 1723 593 1756 G
616 1730 639 1759 4

908 1710 1036 1744 Zoroaſt.
