1214 1916
553 97 588 134 1.

465 366 568 422 Die
577 366 702 431 Erſte

252 433 885 567 Abhandelung.

157 580 285 652 Der
307 576 667 661 Schauplatz
693 578 859 661 ſtellet
881 588 995 652 vor

313 664 398 730 des
398 664 601 730 Kaͤyſers
616 664 834 731 Gemach.

370 735 521 787 Nero.
594 731 752 786 Otho.

226 811 375 972 S

133 816 217 845 Nero.
386 815 419 856 O
419 815 496 856 iſts!
534 812 597 847 Die
611 810 719 843 Sonn’
728 809 840 848 erſtar’t
850 806 898 849 fuͤr
912 807 1016 850 unſers

561 854 702 893 Hauptes
711 852 832 890 Glantz/

386 896 446 932 Die
456 896 540 929 Welt
550 894 597 935 fuͤr
605 895 687 934 unſer
695 892 814 931 Macht.
828 892 898 927 Des
906 892 1018 928 Ninus

550 934 789 975 Sieges-Krantz

134 981 308 1014 Verwelck’t
318 981 366 1019 fuͤr
375 981 485 1018 unſerm
495 978 615 1014 Ruhm:
626 976 796 1015 Cyaxarens
806 973 930 1009 Geluͤcke

133 1023 217 1061 Muß
227 1022 275 1062 fuͤr
285 1028 334 1054 des
343 1021 470 1062 Kaͤyſers
477 1019 561 1059 Sieg
569 1017 623 1058 den
623 1017 796 1058 Krebsgang
804 1018 878 1057 gehn
885 1015 1022 1058 zuruͤcke/

65 1065 96 1105 5.
141 1066 209 1096 Und
219 1065 341 1096 Nerons
351 1065 462 1101 Blitzen
470 1062 565 1102 ſaͤug’t
573 1064 619 1092 der
629 1059 756 1094 Grichen
774 1059 893 1090 Lorbern
901 1065 975 1098 weg.

138 1105 219 1139 Rom
231 1103 335 1146 ſchaͤtz’t
335 1103 394 1146 ſich
394 1103 478 1146 ſelbst
478 1103 516 1146 zu
528 1101 585 1140 tief
598 1099 647 1142 fuͤr
657 1102 756 1141 unſrer
764 1099 876 1135 Thaten
885 1099 999 1138 Zweck;

136 1147 202 1180 Die
211 1146 287 1179 Erde
298 1146 349 1187 ſich
349 1146 386 1187 zu
397 1147 467 1181 klein
476 1153 540 1184 zum
549 1142 725 1182 Schauplatz
736 1139 847 1179 unſ’rer
855 1140 983 1173 Wercke.

137 1189 208 1222 Des
219 1189 322 1220 Numa
332 1187 514 1227 Heyligkeit/
514 1187 566 1227 des
575 1184 740 1223 Roͤm’ſchen
747 1182 864 1215 Vaters
873 1183 1021 1219 Staͤrcke/

139 1231 206 1263 Der
214 1229 310 1269 Muth
319 1234 369 1261 des
379 1230 508 1267 Julius/
518 1227 657 1259 Tiberius
666 1225 810 1264 Verſtand

70 1284 117 1306 10.
140 1272 226 1305 Sind
244 1271 391 1310 Schatten
406 1270 506 1310 unſers
529 1268 635 1306 Thuns
653 1270 711 1300 und
733 1265 913 1307 Spielwerck
935 1265 1022 1307 dieſer

488 1311 590 1348 Hand.

142 1355 310 1388 Saturnus
321 1352 436 1395 guͤld’ne
436 1352 505 1395 Zeit
505 1352 547 1395 iſt
547 1352 638 1395 gegen
649 1350 733 1390 dieſer
747 1349 852 1389 eyſern.

534 1394 585 1431 hat
367 1395 523 1436 Wolſtand
144 1395 244 1436 Sieg/
244 1395 367 1436 Friede/
593 1393 643 1431 bey
653 1393 723 1423 allen
732 1394 840 1422 andern
849 1389 982 1431 Kaͤyſern

144 1440 222 1472 Nie/
222 1440 274 1472 wie
282 1437 331 1475 bey
342 1443 400 1469 uns
410 1435 546 1478 gebluͤh’t.
561 1435 690 1473 Araxens
697 1431 789 1473 groͤſte
797 1432 901 1465 Stadt

144 1481 210 1518 Hat
219 1481 300 1517 unſer
309 1479 381 1511 Arm
390 1476 550 1519 geſchleiff’t.
568 1476 633 1508 Der
641 1475 791 1506 Tiridates
803 1475 854 1509 hat

75 1533 117 1562 15.
140 1522 243 1559 Durch
251 1521 369 1562 Fußfall
380 1521 430 1559 erſt
439 1527 496 1553 von
507 1523 566 1551 uns
578 1514 713 1555 erkauffet
713 1514 820 1555 Gnad’
820 1514 883 1555 und
890 1510 995 1554 Guͤte;

145 1566 213 1597 Und
223 1563 387 1603 Vologeſus
396 1560 500 1603 ſchick’t
500 1560 560 1603 aus
574 1559 693 1597 Arſaces
705 1555 834 1591 Gebluͤte

147 1609 216 1638 Uns
225 1605 331 1644 Geißel
343 1607 428 1644 ſeiner
439 1603 528 1637 Treu.
537 1602 607 1635 Des
617 1600 726 1638 Janus
734 1599 813 1636 Thor
823 1598 906 1639 ſteh’t
906 1598 956 1639 zu.

147 1647 216 1687 Der
216 1647 324 1687 Kaͤyſer
334 1647 394 1687 ſih’t
402 1645 453 1683 den
453 1645 565 1683 Preiß/
565 1645 610 1683 die
620 1641 739 1679 Stadt/
745 1645 794 1672 den
803 1639 877 1678 Nutz
888 1644 934 1673 der
941 1636 1028 1677 Ruh.

149 1689 214 1730 Die
224 1688 327 1732 Schoß
338 1693 387 1723 des
396 1688 542 1731 Jupiters
551 1685 620 1728 lig’t
620 1685 713 1728 voller
721 1681 969 1726 Lorber-Zweige:

488 1348 590 1349 Hand.

635 1725 664 1762 A

940 1720 1028 1757 Man
