1296 1855
947 148 999 190 17

238 221 305 253 von
305 221 360 253 der
371 216 508 252 Rechten
522 223 615 258 gegen
630 215 683 247 der
694 211 826 247 Lincken
826 211 881 247 die
881 211 999 247 Unitæ-

238 268 307 299 ten,
336 260 439 292 weilen
457 259 509 289 der
522 250 592 297 auf
613 255 702 295 dieſer
729 255 831 287 Stelle
862 256 998 299 ſtehende

238 301 390 330 Character
404 301 559 340 anzeiget,
595 296 665 329 wie
665 296 732 329 viel
756 297 856 332 einzele
876 295 998 330 Stuͤcke

239 341 419 380 vorhanden
438 340 513 379 ſind.
577 337 648 377 Auf
659 338 712 368 der
735 344 868 375 zweyten
894 336 999 371 Stelle

239 383 304 422 ſind
321 385 367 415 die
388 381 542 413 Decades,
571 380 675 412 indem
693 378 744 409 der
768 373 921 407 Character
942 378 1004 419 auf

238 425 327 463 dieſer
342 421 444 456 Stelle
460 421 652 460 ausweiſet,
682 419 890 459 wievielmahl
912 419 1000 456 zehen

240 465 339 501 einzele
348 462 469 497 Stuͤcke
478 462 668 496 vorhanden.
697 461 805 499 Ferner
818 462 939 493 werden
953 460 1000 493 die

238 506 300 545 auf
311 507 362 537 der
387 505 504 537 dritten
530 501 636 536 Stelle
658 501 823 544 Centenarii
843 507 1000 544 genennet;

238 546 301 586 auf
315 548 367 578 der
380 543 494 578 vierten
517 543 687 579 Millenarii;
716 541 778 581 auf
793 543 845 574 der
869 542 1000 582 fuͤnften

238 586 368 616 Decades
379 588 623 619 millenariorum,
645 582 707 622 auf
717 584 768 614 der
782 583 909 623 ſechſten
925 584 1000 612 Cen-

238 633 337 657 tenarii
359 628 577 656 millenariorum
602 626 669 658 und
687 623 749 663 auf
768 625 821 656 der
846 625 1000 665 ſiebenden

239 667 389 698 Milliones.
433 668 539 701 Wenn
552 674 626 699 man
639 666 704 699 nun
716 666 764 696 die
784 665 941 699 Millionen
941 665 1001 699 als

239 709 340 745 einzele
355 707 477 741 Stuͤcke
496 708 687 744 betrachtet,
720 706 750 744 ſo
776 706 913 746 befinden
939 707 998 747 ſich

238 750 301 789 auf
318 751 369 781 der
391 748 498 785 achten
526 748 630 781 Stelle
643 747 758 788 wieder
758 747 893 788 Decades
893 747 1000 788 nehm-

237 789 297 826 lich
319 787 504 820 Millionum,
535 789 597 828 auf
616 791 665 820 der
679 788 810 820 neunten
832 788 1000 818 Centenarii

232 834 301 864 und
315 832 345 870 ſo
359 830 525 863 wiederum
537 829 606 869 fort
626 829 677 861 bis
692 829 751 867 auf
768 829 911 863 Billionen
941 829 1003 870 auf

236 874 288 905 der
308 871 504 911 dreyzehnten
533 870 645 903 Stelle.
698 871 750 909 Jn
771 868 897 910 gleicher
917 870 1000 904 Ord-

234 920 324 955 nung
336 913 409 953 geht
422 921 496 943 man
510 912 676 943 wiederurn
693 910 762 950 fort
773 911 825 942 bis
838 911 903 952 auf
919 911 998 940 Tril-

237 956 333 986 lionen
353 954 418 986 und
435 954 467 993 ſo
483 958 595 984 weiter.

305 994 409 1032 Dieſes
435 994 576 1031 deutlicher
597 998 645 1024 vor
671 989 769 1030 Augen
789 998 818 1030 zu
846 993 917 1031 legen
946 992 999 1025 die-

236 1041 282 1069 net
296 1036 416 1076 folgende
429 1032 569 1064 Tabelle,
587 1033 681 1070 welche
696 1032 783 1070 weiſet
797 1039 860 1066 was
875 1031 918 1066 die
918 1031 999 1066 Cha-

239 1080 362 1107 racteres
381 1076 432 1115 auf
444 1077 515 1109 einer
535 1074 659 1115 jeglichen
684 1073 780 1109 Stelle
799 1070 844 1113 fuͤr
864 1076 919 1109 eine
935 1073 998 1109 Be-

236 1117 353 1159 deutung
374 1117 476 1158 haben:
500 1117 543 1151 als

236 1157 354 1195 Stellen
570 1156 615 1192 die
633 1154 806 1195 Bedeutung

272 1221 293 1247 1
349 1224 362 1243 -
442 1222 454 1241 -
537 1221 551 1241 -
634 1208 771 1239 Unitates

273 1264 294 1288 2
346 1267 358 1284 -
439 1266 450 1283 -
534 1264 548 1282 -
640 1250 772 1280 Decades

271 1305 290 1335 3
346 1307 358 1326 -
442 1305 454 1324 -
536 1306 549 1324 -
604 1293 771 1322 Centenarii

272 1347 298 1379 4
348 1350 360 1368 -
441 1348 454 1366 -
536 1348 549 1366 -
617 1332 772 1365 Millenarii

273 1387 292 1419 5
348 1392 360 1410 -
396 1375 529 1407 Decades
556 1375 773 1404 millenariorum

272 1424 296 1454 6
347 1433 360 1451 -
373 1417 539 1449 Centenarii
553 1416 769 1445 millenariorum

799 1302 955 1336 Unitatum

603 1471 641 1507 B

908 1466 994 1503 Stel-
