1296 1855
943 194 987 226 15

236 246 323 284 Glied
337 250 405 288 nicht
424 251 521 289 allezeit
534 256 586 285 aus
601 253 662 291 drey
677 252 863 285 Characteren
883 252 992 293 beſtehe,

236 289 347 328 ſondern
367 292 419 324 viel
430 290 519 332 Mahl
539 303 590 327 nur
602 302 671 333 zwey
690 295 752 327 oder
772 296 846 327 einen
864 296 993 337 enthalte;

237 333 273 364 da
287 332 349 365 aber
369 333 521 373 gleichwohl
534 335 673 374 dieſelben,
688 336 731 368 als
751 343 831 368 wenn
849 336 882 375 ſie
910 337 990 369 allein

237 369 364 422 ſtuͤnden,
381 374 589 414 ausgeſprochen
608 377 716 410 werden
735 378 785 410 mit
802 376 990 417 Hinzuſetzung

236 415 283 446 des
302 410 443 455 gehoͤrigen
462 415 582 451 Worts.
636 417 722 452 Was
737 426 792 451 nun
813 418 876 456 diese
895 415 990 453 Woͤr-

236 458 274 488 ter
288 455 409 496 betrifft,
428 456 452 495 ſo
467 457 531 498 ſieht
557 467 638 499 man,
666 457 719 498 daß
738 466 791 492 von
818 460 862 492 der
889 460 990 498 rechten

234 505 316 535 gegen
342 500 386 531 der
399 497 498 532 lincken
517 499 607 539 Hand
633 500 698 539 dieſe
717 500 832 536 Glieder
850 500 990 540 nehmlich:

233 538 284 570 das
299 540 412 582 zweyte,
412 540 515 582 vierte,
515 540 620 582 ſechste,
634 542 715 581 achte,
723 544 823 582 zehente
835 543 889 574 und
902 541 932 581 ſo
932 541 989 581 fort

233 580 282 611 alle
295 581 345 613 das
366 573 460 615 Wort
479 584 605 624 tauſend
619 585 670 616 mit
689 582 737 624 ſich
752 578 856 621 fuͤhren.
912 582 990 617 Das

232 619 309 653 dritte
332 620 396 655 aber
422 622 469 656 hat
488 622 535 663 bey
558 626 606 665 ſich
633 626 685 658 das
704 622 812 663 Wort,
842 624 990 666 Millionen;

233 661 284 693 das
297 661 405 702 fuͤnfte,
420 664 570 707 Billionen,
600 668 652 699 das
666 665 799 705 ſiebende,
828 665 989 699 Trillionen,

233 702 285 734 das
300 705 411 743 neunte,
423 705 622 743 Quadrillionen
641 708 696 739 und
707 706 733 744 ſo
747 706 811 745 fort.
853 705 920 739 Eine
934 708 988 743 jede

231 744 409 782 vorgegebene
424 744 493 784 Zahl
508 749 558 780 kan
589 747 649 786 allſo
667 747 718 787 auf
729 748 850 788 folgende
868 746 923 781 Art
943 756 987 787 zur

231 782 440 824 Ausſprechung
454 783 598 829 zugeruͤſtet
610 790 726 822 werden.

231 826 616 874 31 415 926 532 897 932 384

241 899 282 1061 Trillionen

294 899 334 1017 tauſend

349 899 393 1044 Billionen

412 904 456 1018 tauſend

468 902 510 1054 Millionen

531 906 572 1024 tauſend

226 1071 287 1104 oder
309 1073 374 1113 auch
393 1076 497 1114 anſtatt
521 1074 567 1109 der
594 1072 704 1109 Worte
724 1082 777 1109 nur
798 1067 910 1115 Zeichen
933 1078 986 1105 wie

227 1109 324 1152 folget:

223 1163 253 1193 31
292 1164 406 1195 415,926
430 1164 541 1199 535,897
573 1162 686 1198 932,384

221 1275 300 1308 allwo
314 1279 351 1315 die
365 1283 523 1318 Commata
543 1285 647 1325 anſtatt
668 1281 796 1324 tauſend
820 1278 922 1320 ſtehen,
942 1277 984 1311 die

217 1334 329 1379 Zeichen
643 1343 709 1380 aber
728 1343 879 1377 Millionen,
902 1341 988 1371 Billi-

227 1419 303 1454 onen,
324 1419 474 1453 Trillionen
487 1422 623 1457 bedeuten.
672 1422 760 1463 Nach
771 1422 822 1456 den
835 1418 985 1462 gegebenen

220 1456 328 1500 Regeln
347 1465 416 1500 wird
428 1474 485 1501 nun
509 1464 573 1505 dieſe
593 1464 667 1506 Zahl
681 1464 734 1505 auf
754 1462 819 1503 dieſe
839 1462 895 1498 Art
913 1468 983 1494 aus-

933 1505 982 1538 ge-
