1296 1855
951 184 1000 225 25

300 258 349 293 ben
365 257 535 288 Octillionen
549 254 605 288 und
619 259 666 286 vor
686 250 819 292 denſelben
838 253 917 292 ſtehet
937 253 1001 292 noch

302 311 376 332 1000
389 301 440 331 das
455 298 486 338 ist
500 295 620 334 tauſend.

240 342 268 377 6.
298 339 438 378 Endlich
486 339 553 372 kan
602 334 855 374 nachfolgende
910 333 1001 373 Zahl

300 384 652 422 12345678900987654321
693 385 721 415 zu
760 375 845 408 einem
873 374 1003 414 Exempel

301 427 410 462 dienen,
433 423 564 455 darinnen
578 422 629 453 alle
642 412 835 455 verſchiedenen
854 415 1003 455 Abwechs-

300 468 397 504 lungen
427 465 610 496 vorkommen.
673 458 749 493 Wie
764 459 834 490 wird
861 466 917 492 nun
937 458 1001 498 dieſe

300 507 371 548 Zahl
385 505 435 538 mit
448 504 575 540 Worten
591 498 828 540 ausgeſprochen?

361 547 459 583 Antw.
485 542 579 586 Zwoͤlf
595 544 767 579 Trillionen,
802 541 865 578 drey
887 541 1002 579 hundert

300 590 355 622 und
369 584 435 628 fuͤnf
444 591 499 621 und
518 586 614 625 vierzig
637 583 768 621 tauſend,
801 581 869 621 ſechs
889 582 1004 621 hundert

300 632 355 664 und
377 630 436 667 acht
449 631 504 662 und
517 627 642 670 ſiebenzig
662 625 821 662 Billionen,
851 631 921 657 neun
936 626 1004 662 hun-

301 673 358 705 dert
378 671 515 709 tauſend,
550 677 620 703 neun
641 667 755 707 hundert
773 666 828 698 und
849 665 933 704 ſieben
948 666 1003 698 und

301 713 394 751 achtzig
409 713 566 750 Millionen,
589 709 658 748 ſechs
673 707 786 746 hundert
808 707 862 739 und
877 708 933 739 vier
947 708 1002 738 und

302 750 405 793 fuͤnfzig
427 753 562 791 tauſend,
596 753 659 789 drey
679 749 794 788 hundert
813 748 868 781 und
888 747 929 781 ein
948 748 1003 781 und

302 795 430 839 zwanzig.

522 873 638 940 Cap.
670 871 723 921 II.

237 974 331 1022 Von
351 975 413 1020 der
433 976 586 1014 Addition
609 970 668 1014 als
683 969 746 1014 der
765 967 877 1021 erſten
894 969 1002 1005 Arith-

426 1024 599 1077 metiſchen
626 1027 809 1071 Operation.

611 1131 633 1165 1

238 1160 329 1279 J

330 1214 370 1247 N
389 1212 440 1245 der
458 1211 598 1240 Addition
618 1208 738 1241 werden
764 1207 857 1246 ſolche
884 1206 1002 1241 Regeln

351 1252 494 1299 gegeben,
507 1251 602 1284 durch
623 1250 705 1282 derer
725 1249 820 1290 Huͤlfe
846 1257 922 1281 man
941 1249 1001 1279 eine

237 1294 314 1329 Zahl
330 1295 432 1336 finden
445 1294 521 1333 kan,
544 1291 654 1325 welche
675 1291 749 1329 eben
749 1291 785 1329 ſo
800 1291 879 1332 groß
891 1289 947 1328 iſt,
947 1289 1003 1328 als

235 1343 314 1374 zwey
329 1339 399 1370 oder
413 1336 499 1375 mehr
512 1333 653 1376 gegebene
666 1332 789 1367 Zahlen.
833 1332 916 1370 Dieſe
925 1328 1004 1366 Zahl

236 1378 343 1414 welche
370 1377 464 1414 durch
490 1376 563 1416 dieſe
589 1372 708 1414 Regeln
734 1372 885 1415 gefunden
910 1371 1004 1403 wird,

237 1418 335 1461 pflegt
352 1422 398 1452 die
411 1419 509 1449 Summ
529 1419 582 1452 der
594 1414 758 1457 gegebenen
769 1413 886 1454 Zahlen
896 1419 1003 1456 genen-

236 1468 287 1494 net
296 1470 331 1500 zu
344 1462 472 1495 werden.

593 1497 630 1533 B
654 1512 667 1539 5

923 1489 998 1527 Wir
