1296 1855
303 223 347 246 10

414 276 475 315 Auf
489 278 531 310 der
544 278 644 317 ſechſten
663 277 754 312 Stelle
778 279 898 311 bedeutet.

228 398 275 430 VI

297 328 316 347 0
329 329 341 345 -
353 317 434 353 nichts

297 368 309 386 1
327 368 339 384 -
353 357 459 393 hundert
481 356 583 393 tauſend

298 408 312 425 2
324 408 336 424 -
348 403 414 433 zwey
423 397 529 433 hundert
537 395 639 432 tauſend

295 446 307 473 3
326 446 337 464 -
349 436 408 472 drey
417 435 524 473 hundert
536 435 639 472 tauſend

296 484 321 514 4
321 484 340 514 -
353 471 406 507 vier
422 476 490 512 hund
499 480 548 507 ertt
560 475 639 512 auſnd

654 329 666 354 5
685 330 696 346 -
710 315 772 356 fuͤnf
781 320 889 356 hundert
911 316 1015 352 tauſend

652 363 670 387 6
680 370 692 386 -
704 357 769 394 ſechs
783 360 890 396 hundert
907 349 1013 391 tauſend

646 397 669 444 7
681 408 693 425 -
705 397 785 436 ſieben
793 398 900 436 hundert
909 395 1014 431 tauſend

650 442 664 470 8
677 449 689 465 -
702 436 758 474 acht
779 439 886 475 hundert
908 434 1013 471 tauſend

650 487 665 511 9
681 488 692 506 -
704 485 771 508 neun
786 478 894 515 hundert
907 468 1011 512 tauſend

409 522 471 561 Auf
481 523 523 553 der
534 521 657 560 ſiebenten
670 519 761 554 Stelle
775 521 895 554 bedeutet.

225 632 291 671 VII

294 573 314 593 0
326 573 337 591 -
350 562 432 600 nichts

295 613 307 632 1
325 614 336 631 -
348 602 402 635 eine
421 601 525 631 Million

317 637 333 671 -
291 637 317 671 2
346 648 411 678 zwey
433 639 571 671 Millionen

290 692 303 719 3
315 692 327 710 -
340 681 398 716 drey
420 680 556 710 Millionen

289 732 310 754 4-
322 731 334 749 -
346 721 399 752 vier
420 718 559 750 Millionen

654 570 666 596 5
685 571 697 588 -
711 558 774 596 fuͤnf
783 560 923 590 Millionen

652 605 669 628 6
679 609 691 626 -
705 598 770 636 ſechs
789 600 927 629 Millionen

649 649 667 675 7
678 650 691 667 -
702 639 781 677 ſieben
795 638 933 668 Millionen

647 681 667 714 8
675 685 690 710 -
701 677 757 714 acht
769 677 907 708 Millionen

646 725 664 754 9
673 723 689 747 -
700 722 771 749 neun
779 711 926 750 Millionen

347 774 468 812 Hieraus
482 773 581 810 erhellt,
594 771 644 808 daß
657 771 696 802 die
708 769 870 807 Bedeutung
883 766 929 800 der
929 766 1011 800 Cha-

290 815 409 844 racteren
427 812 477 849 auf
494 813 536 843 der
549 811 671 847 ſiebentcn
685 809 775 844 Stelle
789 805 889 846 aͤhnlich
902 807 939 844 ſey
965 807 1009 838 der

289 851 450 890 Bedeutung
477 850 527 888 auf
550 853 592 881 der
617 850 695 888 erſten
714 848 823 886 Stelle,
850 849 935 880 indem
961 845 1008 882 bey

288 892 332 923 der
353 891 503 925 Siebenten
521 897 571 922 nur
588 891 638 921 das
655 888 745 923 Wort
763 888 903 917 Millionen
916 885 1009 924 zugeſe-

287 934 329 969 tzet
340 931 417 962 wird.
457 929 666 967 Gleichergeſtalt
684 929 750 960 wird
763 936 825 959 man
843 929 881 958 die
898 925 1010 960 Bedeu-

287 976 350 1008 tung
370 970 420 1008 auf
439 970 481 1001 der
495 970 581 1006 achten
600 967 691 1002 Stelle
712 967 813 1006 haben,
847 974 922 999 wenn
942 972 1006 996 man

287 1009 333 1045 bey
350 1011 393 1041 der
407 1015 515 1048 zweyten
528 1008 619 1042 Stelle
631 1008 681 1039 das
700 1007 789 1040 Wort
801 1006 936 1037 Millionen
949 1007 1006 1042 hin-

285 1049 399 1088 zuſetzet;
432 1050 484 1079 und
504 1049 554 1085 auf
569 1048 630 1079 eben
648 1046 708 1083 dieſe
726 1046 779 1080 Art
802 1046 941 1083 entſpringt
966 1044 1005 1074 die

286 1093 377 1120 neunte
390 1086 482 1122 Stelle
494 1092 545 1119 aus
558 1088 600 1118 der
612 1087 723 1123 dritten,
746 1088 784 1117 die
795 1087 877 1123 zehnte
891 1088 941 1116 aus
961 1083 1004 1113 der

286 1128 397 1164 vierten,
419 1128 471 1158 nnd
490 1127 513 1163 ſo
527 1127 613 1158 weiter
631 1125 672 1156 bis
687 1126 736 1163 auf
746 1127 784 1157 die
803 1123 947 1163 dreyzehnte
947 1123 1004 1163 und

287 1167 434 1205 folgenden,
455 1167 545 1203 welche
557 1166 650 1197 wieder
664 1169 713 1197 aus
728 1166 771 1197 der
791 1165 869 1201 erſten
882 1166 935 1195 und
953 1161 1004 1199 fol-

285 1208 381 1244 genden
405 1206 479 1242 durch
499 1205 655 1243 Beyſetzung
674 1206 718 1236 des
743 1203 847 1237 Worts
873 1202 1003 1232 Billionen

286 1245 390 1283 formirt
401 1246 510 1277 werden.
524 1244 629 1280 Endlich
643 1243 762 1276 bedeuten
775 1242 817 1275 die
817 1242 1003 1275 Characteres

285 1284 336 1321 auf
344 1285 386 1315 der
405 1286 571 1323 neunzehnten
590 1283 681 1317 Stelle
699 1282 863 1318 Trillionen,
896 1281 934 1311 die
953 1278 1005 1315 auf

283 1325 327 1356 der
347 1320 410 1361 fuͤnf
424 1325 476 1355 und
498 1324 658 1362 zwanzigſten
679 1322 882 1354 Quadrillionen
906 1320 958 1352 und
976 1318 1002 1354 ſo

282 1363 350 1402 fort;
371 1368 479 1395 woraus
492 1363 596 1403 zugleich
615 1363 653 1395 die
667 1361 836 1400 Benennung
854 1362 897 1392 der
910 1359 1004 1390 mittle-

283 1411 328 1436 ren
346 1402 456 1439 Stellen
473 1405 580 1443 erhellet.
620 1402 829 1442 Solchergeſtalt
846 1402 960 1435 bedeutet
974 1401 1002 1430 in

953 1447 1004 1479 die-
