1041 1369
347 85 403 109 dieses
410 84 525 109 Kochbuchs.

777 79 806 103 5

335 119 394 149 Ein
404 120 512 150 anders.

54 169 136 263 N

132 166 200 207 Jmb
210 166 273 203 diſes
281 166 435 204 gerſtenmeel
441 170 451 194 /
471 165 541 194 vnnd
554 162 614 197 roͤſte
627 165 655 191 es
661 162 687 191 in
700 158 795 198 heiſſem

134 207 238 237 ſchmaltz/
248 206 302 234 doch
302 206 358 234 nicht
365 211 387 233 zu
395 200 456 234 ſehr/
456 200 523 234 mach
523 200 557 234 die
557 200 715 234 Mandelmilch
715 200 796 234 warm/

136 240 187 267 doch
193 238 247 267 nicht
255 237 293 266 gar
299 237 396 265 ſiedend/
398 235 451 259 treib
458 231 502 262 das
502 231 581 262 geroͤſte
581 231 632 262 meel
640 234 682 254 mit
682 234 717 254 an/
718 233 794 252 wanns

54 276 123 300 genug
131 264 223 300 gekocht/
223 264 248 300 ſo
248 264 302 300 thue
302 264 373 300 zucker
373 264 422 300 vnd
422 264 567 300 Roſenwaſſer
574 263 657 286 darein/
657 263 728 286 deines
734 259 796 289 gefal-

52 303 98 325 lens
105 304 146 326 vnd
153 302 204 329 nach
211 299 248 324 des
252 299 347 324 krancken
353 297 485 327 gelegenheit:
516 293 563 324 Jm
563 293 670 324 anrichten
679 292 731 320 ſaltze
736 297 756 313 es
762 296 794 313 ein

53 338 138 360 wenig/
148 333 215 360 magſt
226 330 280 359 auch
280 330 397 359 weinbeer/
410 327 547 356 verzuckerten
557 325 605 353 antß
615 328 665 347 oder
675 327 754 352 zimmet
762 324 795 344 da-

54 363 114 391 rauff
119 366 198 392 ſtrewẽ/
198 366 221 392 es
227 361 307 391 ſtopffet
312 367 378 385 etwas
385 359 442 390 mehr
447 361 488 382 dañ
495 361 533 381 das
539 353 675 386 vorgehende.
676 351 737 379 Vnd
743 353 761 379 ſo
769 355 796 375 du

54 396 112 419 wilt/
112 396 164 419 treib
164 396 187 419 2.
194 397 243 418 oder
250 399 270 420 3.
278 399 324 419 eyer
331 394 401 415 dotter
401 394 480 415 darein/
480 394 505 415 es
511 389 533 417 iſt
541 389 593 416 deſto
599 385 709 415 kraͤfftiger.
733 383 796 408 Was

54 433 106 451 man
113 428 167 455 nicht
173 426 222 455 jſſet/
229 425 252 452 iſt
258 428 299 454 gut
299 428 329 454 im
335 422 422 451 ſchmaltz
428 427 450 450 zu
456 422 537 450 pregeln
543 425 553 443 /
559 420 599 443 wie
599 420 675 443 andere
681 416 795 443 kindsbrey.

191 470 254 500 Ein
254 470 334 500 ander
340 473 388 503 gut
401 464 481 501 Eſſen
487 470 540 495 von
548 462 671 499 obgemel-

358 510 399 527 tem
409 508 469 532 zeug.

54 544 119 624 N

121 544 189 583 Jmb
194 544 256 580 diſer
273 541 370 577 Muͤſer
379 544 435 570 eins
448 538 551 573 welches
563 535 600 574 du
600 535 680 574 wilt/
679 535 727 574 thu
737 535 797 565 aber

124 587 190 609 weder
196 582 260 612 zucker
268 584 318 609 noch
328 577 473 607 Roſenwaſſer
484 578 564 601 darein/
564 578 587 601 es
593 581 644 601 were
652 576 692 598 dañ
699 578 729 597 ein
735 571 798 601 Eſſen

122 606 261 640 vberblieben/
261 606 282 640 ſo
293 613 327 640 iſts
337 612 388 638 auch
394 616 430 639 gut
438 616 460 637 zu
470 609 518 636 diſer
529 606 582 636 ſach/
582 606 617 636 laß
624 604 647 632 es
647 604 684 632 ein
684 604 755 632 wenig
755 604 798 632 kalt

58 649 151 672 werden/
151 649 216 672 wann
229 646 259 668 du
259 646 282 668 es
292 643 386 670 beſonder
398 644 460 668 darzu
473 639 557 668 kocheſt/
557 639 614 668 dann
622 637 684 666 ruͤhrs
693 636 734 660 wol
741 639 765 658 in
765 639 798 658 ein

58 674 151 708 geſchirꝛ/
151 674 220 708 klopff
220 674 273 708 eyer
273 674 297 708 ſo
297 674 330 708 vil
330 674 360 708 du
369 666 474 698 bedarffſt/
474 666 563 698 ſoͤndere
563 666 591 698 ſie
591 666 639 698 wol
639 666 691 698 vom
691 666 762 698 dotter
762 666 800 698 ab/

60 712 125 736 wiltu
125 712 153 736 es
153 712 196 736 gar
196 712 233 736 gut
246 709 304 729 vnnd
315 701 401 733 kraͤfftig
401 701 483 733 haben/
483 701 507 733 ſo
518 702 576 724 nimb
576 702 617 724 nur
626 695 671 727 das
671 695 734 727 gelb/
734 695 776 727 thu
776 695 798 727 ſo

61 743 91 765 vil
98 738 252 765 Mandelmilch
259 739 329 760 darein
335 736 369 758 als
374 737 408 757 der
415 739 455 761 eyer
465 737 472 755 /
480 732 543 762 ruͤhrs
549 736 585 754 inn
592 734 630 754 das
636 731 686 754 kalte
691 728 752 755 muß:
758 729 799 751 dañ

61 773 98 795 thu
105 775 170 794 daran
179 770 244 798 zucker
250 764 296 794 vnd
296 764 442 794 Roſenwaſſer
448 766 515 786 deines
521 762 631 790 gefallens/
637 760 688 789 ſaltze
695 766 717 783 es
723 763 799 787 wenig/

62 804 104 833 hab
109 808 165 826 einen
172 800 243 828 moͤrſel
249 802 298 822 oder
306 802 347 821 eine
353 796 414 824 ſolche
423 794 477 822 form
487 800 529 817 von
539 798 602 817 einem
609 792 692 820 ſchoͤnen
706 791 753 817 herd
765 795 796 818 ge-

63 837 138 858 brant/
149 829 208 858 vnnd
208 829 257 858 wol
257 829 364 858 verglaſt/
373 824 412 853 mit
412 824 492 853 dreyen
492 824 587 853 fuͤßlein/
596 823 642 851 daß
642 823 701 851 mach
701 823 741 851 bey
748 826 802 844 einer

64 867 108 894 glut
115 864 169 891 heiß/
174 863 221 893 thue
230 861 316 891 ſchmaltz
324 861 395 883 darein
401 861 411 880 /
417 857 475 887 kehrs
480 858 537 880 vnnd
543 858 615 883 wendß
621 855 692 880 immer
697 853 755 877 vmb/
760 852 800 879 daß

65 898 142 921 uͤberall
149 896 212 924 gleich
217 892 261 924 heiß
268 892 350 915 werde/
350 892 393 915 vnd
399 888 417 917 ſo
424 894 445 912 es
451 889 491 911 wol
499 886 542 918 heiß
548 885 587 914 iſt/
587 885 663 914 ſchuͦtte
669 888 707 908 das
713 883 801 911 ſchmaltz

65 926 108 952 wid'
116 925 191 954 dräuß/
191 925 252 954 kehrs
260 923 312 951 aber
312 923 374 951 zuvoꝛ
380 923 420 944 wol
427 920 486 943 vmb/
493 918 534 946 daß
534 918 556 946 es
561 918 636 941 vberall
642 918 682 940 wol
690 915 801 943 ſchmaltzig

69 959 112 988 ſey/
112 959 154 988 dañ
161 957 235 985 ſchuͤtte
247 957 284 978 den
290 953 437 982 angemachten
446 956 501 979 zeug/
508 954 520 974 d'
526 953 562 973 wie
569 952 600 973 ein
605 948 702 977 zimlicher
708 946 801 975 ſtrauben

66 995 107 1019 teig
112 989 138 1017 ſol
147 986 200 1015 ſeyn/
200 986 288 1015 darein/
288 986 341 1015 ſtells
346 989 409 1012 gegen
415 986 459 1006 dem
465 981 539 1009 fewer/
539 981 567 1009 nit
573 985 596 1008 zu
601 982 647 1003 weit
654 979 704 1003 noch
709 983 732 1006 zu
738 977 802 999 nahe/

68 1022 104 1051 gib
104 1022 150 1051 jhm
156 1026 197 1043 nur
206 1019 274 1041 vnden
280 1020 310 1039 ein
316 1014 373 1046 heiſſe
381 1013 452 1042 aſchen
459 1018 468 1034 /
475 1013 522 1036 aber
529 1013 579 1035 oben
588 1010 616 1039 ſol
623 1015 664 1033 von
669 1012 707 1032 eim
712 1009 765 1035 blech
770 1011 802 1030 ein

69 1053 164 1081 ſtuͤrtzen/
174 1048 206 1079 die
206 1048 285 1079 beheb/
295 1044 337 1073 wie
337 1044 387 1073 auff
387 1044 442 1073 einer
451 1034 619 1072 paſtetenpfann/
619 1034 680 1072 ſeyn/
680 1034 770 1072 darauff
770 1034 803 1072 ſol

70 1089 100 1107 ein
106 1088 151 1112 gute
158 1083 202 1110 glut
211 1080 266 1108 ſeyn/
271 1081 313 1102 vnd
319 1077 346 1106 ſol
353 1079 387 1100 der
393 1075 455 1107 hafen
460 1082 500 1099 nur
506 1074 553 1105 halb
559 1074 602 1097 voll
609 1072 656 1101 ſein/
658 1074 713 1095 dann
719 1076 740 1093 es
746 1070 804 1099 gehet

70 1115 129 1143 ſchon
134 1112 191 1141 auff/
191 1112 267 1141 wanns
274 1111 326 1138 recht
332 1108 396 1135 bereit
396 1108 433 1135 iſt/
433 1108 490 1135 wend
497 1102 523 1132 es
523 1102 600 1132 jmmer
600 1102 660 1132 vmb/
660 1102 702 1132 daß
709 1107 729 1124 es
735 1102 805 1123 allent-

70 1148 117 1178 halb
127 1147 193 1171 braun
199 1145 263 1169 werd/
263 1145 329 1169 wann
335 1146 355 1165 es
361 1134 417 1169 denn
417 1134 497 1169 anhebt
497 1134 533 1169 ein
533 1134 604 1169 ranfft
604 1134 738 1169 zubekom̃en/
747 1131 765 1161 ſo
771 1131 805 1160 loͤß

494 1164 523 1198 A
536 1164 567 1196 iij
