1041 1369
299 92 355 117 dieſes
360 90 475 116 Kochbuchs.

766 99 795 121 17

41 130 147 159 brauchen
153 129 211 153 wilt/
211 129 281 153 wann
281 129 310 153 du
316 133 381 152 etwas
387 128 467 156 darauß
473 127 549 158 bachen
549 127 616 158 wilt/
616 127 699 158 magſtu
699 127 743 158 den
750 132 789 159 laſ-

42 162 76 190 ſen
83 166 119 185 wie
128 168 147 185 er
153 161 186 189 iſt/
191 160 257 190 ſchlag
261 160 297 190 jhn
303 163 324 184 in
331 159 480 188 zuͤgerkuͦblein/
479 162 521 183 vnd
526 166 572 183 was
578 163 606 184 du
612 167 662 189 gern
669 162 725 191 haſt/
725 162 787 191 wañs

42 193 124 216 erkalt/
133 192 155 223 ſo
155 192 195 223 thu
202 198 223 215 es
233 195 254 216 in
263 197 293 214 ein
299 192 377 215 blatten
384 196 393 213 /
402 195 439 217 wie
447 192 476 220 du
476 192 533 220 vom
533 192 616 220 eyerkaͤß
622 193 680 222 haſt/
690 194 749 221 mach
755 200 787 217 ein

43 223 118 254 bruͤh/
118 223 157 254 wie
163 227 188 246 du
196 222 251 253 mehr
257 225 293 246 inn
299 221 375 250 ſolchen
381 221 449 250 ſachen
459 222 517 252 haſt/
525 225 572 247 oder
578 224 642 252 bachs
648 228 676 247 im
683 223 771 252 ſchmaltz
778 230 789 248 /

43 261 83 279 wie
93 254 231 285 geviertheilte
241 252 392 281 oͤpffelkuͦchlein
399 257 409 276 /
420 255 468 277 oder
477 252 556 282 ſchlags
566 253 615 282 auff
615 253 688 282 teller/
698 260 729 278 ein
739 258 788 280 oder

43 292 112 314 zween
119 285 185 314 finger
192 284 244 308 dick/
250 283 338 313 ſchneids
345 286 425 308 darvon
431 288 468 308 wie
474 290 495 308 es
502 287 531 308 dir
537 285 619 313 gefaͤllt/
630 287 705 314 machs
705 287 728 314 in
734 286 789 315 ſchoͤ-

44 323 93 340 nem
101 318 150 340 meel
157 322 166 340 /
172 317 222 345 bach
228 322 249 339 es
255 320 265 338 /
270 316 315 344 gibs
322 314 400 339 trucken
406 319 442 339 mit
449 314 522 347 Zucker
528 317 629 344 beſtrewet
634 323 645 339 /
653 320 702 340 oder
708 321 728 340 in
735 323 789 342 einer

44 347 121 377 heiſſen
127 347 179 373 bruͤh
186 352 194 370 /
201 350 248 370 oder
253 346 309 375 alſo/
315 349 382 370 deines
388 346 486 375 gefallens
491 352 502 370 /
511 352 532 370 es
538 347 560 374 iſt
566 351 601 370 inn
607 349 685 376 allweg
685 349 723 376 gut
730 352 788 373 vnnd

45 379 101 406 nuͤtz
101 379 145 406 wol
152 384 171 402 in
179 378 334 407 durchbrechen/
336 380 377 400 vnd
382 376 423 405 alſo
428 377 497 405 kanſtu
503 383 523 400 es
529 378 570 402 wol
576 377 629 406 auff
629 377 659 406 ein
666 381 721 402 teller
728 379 789 409 ſchla-

45 414 99 437 gen/
104 412 173 432 davon
179 413 200 433 in
206 413 258 433 einer
266 409 340 432 breiten
346 409 410 437 kachel
415 413 423 428 /
432 411 462 432 die
467 409 509 432 wol
514 409 612 437 verglaſt/
617 410 669 438 auch
676 409 728 437 ſonſt
734 406 789 439 nicht

46 441 159 469 gebraucht
166 439 228 470 wirt/
228 439 267 470 ein
267 439 333 470 wenig
333 439 427 470 ſchmaltz
427 439 477 470 heiß
477 439 573 470 machen/
573 439 621 470 vnd
629 442 691 471 dann
691 442 734 471 den
734 442 791 471 Reiß

47 474 88 494 das
95 475 159 494 vnder
164 473 212 495 vber
224 472 263 499 ſich
269 475 324 494 drein
331 471 385 494 keren
391 476 400 492 /
407 474 443 494 mit
448 472 552 499 gemacher
557 471 591 500 hitz
597 473 666 495 vnden
672 474 731 496 vnnd
737 474 789 497 oben

48 502 136 531 praͤgeln
144 502 222 531 laſſen/
222 502 264 531 daß
270 508 290 526 er
296 503 371 525 vberall
378 502 443 525 braun
448 505 495 525 wirt
501 506 538 525 wie
544 506 574 525 ein
581 502 721 531 eyerkuchen/
721 502 790 531 wann

48 535 77 557 du
87 533 131 563 jhm
143 536 195 562 recht
202 534 265 563 thuſt/
275 532 299 563 ſo
299 532 362 563 gehet
362 532 388 563 er
388 532 451 563 gantz
451 532 544 563 herauß/
553 538 573 556 er
582 533 632 562 muß
642 534 690 558 aber
699 536 754 564 nicht
764 542 789 564 zu

49 565 109 589 duͤnn
115 571 219 593 gerunnen
227 564 278 593 ſeyn.

170 603 229 632 Ein
234 604 331 631 andern
338 607 414 638 guten
420 602 528 636 Kuchen
534 610 564 637 zu
570 602 674 636 machen

51 651 128 737 N

135 645 202 687 Jmb
210 655 261 678 von
273 648 372 683 ſolchem
384 646 453 683 Reiß
459 647 484 684 ſo
492 648 527 678 vil
533 650 572 678 dir
584 648 672 683 geliebt
679 652 687 679 /
698 649 792 683 wolge-

130 685 216 716 klopffte
216 685 278 716 eyer/
284 686 302 714 ſo
308 688 335 709 vil
342 691 399 714 guter
405 685 492 713 Milch/
492 685 536 713 wilt
542 690 572 709 ein
578 685 736 713 Mandelmilch
742 689 791 710 oder

134 719 184 745 ſonſt
191 717 296 746 geſtoſſene
301 716 421 741 Mandeln/
426 718 512 744 welches
517 722 573 744 wegs
582 722 603 739 es
608 719 640 739 dir
646 716 733 746 geliebt/
733 716 790 746 ruͤhr

52 752 90 773 den
97 749 152 777 Reiß
158 751 221 772 damit
227 748 267 776 ab/
267 748 326 776 mach
332 748 367 776 jhn
372 750 409 770 wie
414 751 445 770 ein
450 747 516 770 dicken
522 748 674 775 ſtraubenteig/
674 748 736 775 mach
743 750 790 770 dar-

51 781 101 804 uͤber
107 784 137 804 ein
144 779 191 810 heiß
191 779 293 810 ſchmaltz/
298 784 319 802 es
326 778 355 806 ſey
361 782 392 801 ein
399 781 464 802 eriner
469 784 478 802 /
483 777 571 807 eyſerner
579 780 627 802 oder
630 778 792 807 jrꝛdenertiegel/

50 813 103 843 thue
103 813 127 843 es
136 815 220 836 darein/
229 811 291 839 bachs
297 813 334 833 wie
340 815 411 838 zuvor.

243 846 313 883 Auff
317 848 355 876 ein
359 848 452 876 andere
459 845 542 882 form.

58 889 148 975 W

150 889 212 924 Ann
225 895 259 923 du
270 895 340 923 einen
356 897 432 928 guten
446 890 626 927 wolgekochten
635 889 706 926 Reiß
719 890 791 928 haſt/

152 934 191 955 vnd
196 937 215 955 er
222 931 261 954 kalt
267 933 350 954 worden
356 934 366 953 /
371 931 419 957 doch
425 929 474 953 muß
480 929 502 957 er
502 929 542 957 faſt
547 929 587 953 dick
592 928 638 957 ſeyn
644 934 654 950 /
662 928 682 957 ſo
689 931 749 952 bereit
755 929 792 958 jhn

149 967 186 986 wie
192 965 217 986 du
224 968 271 985 vom
279 961 338 990 zuͤger
343 963 385 984 vnd
393 959 439 987 von
439 959 555 987 Mandeln/
555 959 602 987 zum
608 959 693 988 flaͤdlein
699 963 742 983 vnd
749 960 794 987 kaͤß-

56 1000 116 1021 eyern
123 994 193 1021 findeſt
199 997 208 1016 /
217 994 275 1021 mach
280 993 364 1022 gleicher
368 992 437 1020 geſtalt
443 990 500 1021 groß
500 990 546 1021 eyer
546 990 645 1021 flaͤdlein/
645 990 726 1021 gefuͤlte
732 990 794 1014 weck-

57 1027 111 1050 lein/
123 1024 270 1053 ſchuͤſſelmuͤſer
270 1024 299 1053 zu
299 1024 391 1053 bachen/
401 1025 447 1046 oder
457 1023 498 1047 kalt
508 1026 545 1046 inn
553 1022 588 1052 ein
588 1022 656 1052 bruͤhe
656 1022 682 1052 zu
690 1021 794 1049 ſchneiden

57 1060 105 1080 oder
112 1061 139 1080 im
144 1055 230 1084 moͤrſel/
238 1059 275 1079 wie
281 1058 307 1079 du
313 1054 376 1082 wilſt/
384 1056 434 1078 alles
440 1053 491 1081 laͤſts
497 1054 549 1081 ſichs
555 1053 588 1077 fuͤr
595 1052 628 1076 die
628 1052 731 1076 krancken
731 1052 794 1076 berei-

57 1088 102 1115 ten/
102 1088 150 1115 doch
158 1088 179 1116 iſt
184 1092 235 1115 nur/
235 1092 269 1115 wz
274 1088 327 1114 nicht
333 1086 446 1114 gebachen/
446 1086 483 1114 am
488 1084 611 1112 nuͤtzlichſten
618 1084 651 1112 fuͤr
659 1087 689 1107 die
695 1083 714 1112 ſo
721 1083 795 1111 ſchwa-

60 1120 93 1147 che
98 1116 186 1147 Maͤgen
192 1119 268 1148 haben/
268 1119 325 1148 dann
333 1115 380 1145 was
380 1115 488 1145 gebachen
488 1115 548 1145 wirt/
548 1115 589 1145 daß
596 1115 665 1144 zeucht
671 1114 760 1143 ſchmaltz
766 1120 795 1138 an

60 1150 112 1179 ſich/
118 1152 174 1175 vnnd
180 1151 201 1178 iſt
208 1150 254 1180 hart
260 1156 284 1179 zu
289 1151 404 1174 verdawen.
422 1146 497 1175 Vnnd
504 1150 523 1176 ſo
528 1149 555 1172 du
560 1152 582 1172 es
588 1151 614 1172 im
621 1146 695 1175 moͤrſel
702 1145 796 1173 baͤcheſt/

478 1175 501 1205 C

712 1178 797 1206 magſtu
