1240 1948
346 158 387 186 84

482 147 506 189 1.
506 147 605 189 Theil.
615 151 696 189 Cap.
705 161 732 183 2.
744 156 775 192 §.
786 149 1034 200 Blockenberges

346 196 404 244 Ja
412 205 507 236 wenn
521 199 560 244 ſie
568 199 652 242 nicht
662 199 744 247 thun
744 199 836 247 Buß
845 199 923 252 auff
916 200 1048 249 Erden/

343 244 495 285 Koͤnnen
503 246 542 293 ſie
550 248 632 292 auch
642 250 727 288 nicht
736 248 808 298 ſelig
817 256 959 290 werden.

344 295 431 343 Daß
441 295 487 345 ſey
502 307 574 336 nun
584 308 675 346 gnug
684 309 749 338 von
757 300 967 348 Zauberinn.

345 344 433 390 Auff
433 344 502 390 daß
511 352 570 384 wir
581 351 654 385 aber
664 349 780 394 unſern
791 349 896 388 Sinn

343 392 536 433 Anwenden
546 405 590 433 an
599 400 657 434 den
668 397 916 445 Prockelsberg/

343 442 400 490 Zn
409 444 594 491 beſchreiben
609 445 755 495 gaͤntzlich
769 448 880 488 merck/

343 492 407 532 So
419 495 454 540 iſt
464 496 543 536 auch
554 493 672 535 uͤberall
684 499 775 536 alda/

342 542 515 591 Derſelbig
515 542 620 591 Berg
620 542 694 591 eine
694 542 847 591 Practica

331 591 409 632 Der
417 592 590 632 Landleut/
597 596 707 639 welche
715 595 777 642 offt
785 597 865 644 ohne
872 600 960 637 irren

332 642 412 681 Gut
422 641 557 691 Wetter/
573 645 669 693 daher
678 645 895 694 practiciren:

334 692 443 732 Denn
453 701 549 732 wenn
558 698 608 732 ein
624 697 750 738 ſtarcker
758 695 865 735 Nebel
873 696 973 741 trifft/

339 740 444 780 Recht
453 740 572 785 ſolchen
585 744 699 790 Berg/
699 744 760 790 wie
771 746 816 788 ich
829 747 961 791 bericht/

341 788 407 828 So
417 786 477 835 faͤlt
486 793 588 836 gewiß
597 793 758 838 denſelben
766 792 856 840 Tag/

344 837 417 878 Ein
424 835 555 886 Regen/
555 835 592 886 iſt
601 841 691 889 wahr
699 845 752 881 als
760 844 806 887 ich
820 843 889 891 ſag.

346 887 467 926 Wenn
479 892 551 927 aber
559 891 670 934 ſolcher
680 892 779 938 Berg
790 903 876 939 gantz
885 892 954 939 frey

346 936 451 981 Ohne
462 937 568 976 Nebel
576 939 625 986 iſt/
625 939 708 986 ohne
716 942 799 980 allen
809 942 943 984 Scheu/

348 985 412 1026 So
422 986 519 1034 folget
528 992 578 1027 ein
588 987 713 1034 ſchoͤner
722 990 813 1037 heller
820 989 907 1040 Tag/

350 1035 510 1076 Als dann
520 1042 614 1076 darin
624 1044 673 1078 ein
681 1038 763 1083 jeder
772 1047 863 1087 mag/

350 1080 429 1123 Mit
442 1084 591 1132 Freuden
600 1095 644 1126 an
652 1088 718 1134 ſein
718 1088 830 1134 Arbeit
838 1089 941 1136 gahn/

353 1133 448 1176 Auch
457 1140 629 1177 wandern/
629 1140 743 1177 reiten/
743 1140 814 1177 und
823 1142 974 1180 alsdann

348 1182 450 1227 Noch
458 1187 575 1233 weiter/
575 1187 639 1233 daß
651 1186 706 1233 fuͤr
716 1188 809 1233 ſolche
815 1188 904 1236 Zeit/

351 1234 446 1274 Gott
446 1234 550 1274 werde
560 1239 751 1283 gedanckt in
761 1237 943 1285 Ewigkeit!

175 1350 296 1385 Henric.

176 1390 306 1431 Kornm.
311 1396 346 1424 ex

178 1433 331 1466 Kirchaina

178 1471 309 1507 Chatto-

176 1517 259 1549 rum,
274 1513 307 1545 in

180 1555 282 1586 monte
291 1550 334 1582 Ve

180 1599 260 1628 neris
265 1599 296 1628 c.
302 1597 348 1626 77.

178 1641 213 1678 p.
220 1641 281 1675 378.

401 1320 524 1370 Dieſes
541 1322 739 1373 bekraͤfftiget
754 1328 833 1371 auch
868 1329 1032 1363 Henricus
1041 1327 1153 1368 Korn-

356 1379 462 1412 mann
472 1379 506 1412 in
516 1375 683 1421 folgenden
697 1376 858 1415 Worten:
867 1377 987 1422 Dieſes
994 1380 1030 1422 iſt
1037 1383 1089 1416 ein
1101 1380 1153 1425 ho-

358 1421 412 1465 her
422 1424 518 1469 Berg
527 1423 562 1472 in
562 1423 770 1472 Thuͤringen/
787 1435 910 1472 genant
926 1432 980 1465 der
990 1429 1156 1473 Prockels-

359 1475 459 1517 berg/
470 1477 553 1510 wird
560 1476 673 1517 allezeit
681 1473 760 1520 uͤmb
769 1475 828 1520 ſich
836 1474 913 1521 auff
924 1479 973 1513 die
980 1474 1154 1522 ſechszehen

359 1519 554 1567 Meilweges
567 1523 729 1568 geſehen:
762 1524 857 1570 dieſer
871 1526 908 1570 iſt
926 1534 986 1570 gar
1008 1524 1155 1572 beruͤhmt

360 1570 456 1609 durch
463 1561 550 1616 gantz
562 1570 800 1619 Teutſchland/
800 1573 870 1616 von
889 1577 948 1611 den
958 1576 1070 1622 Hexen
1087 1579 1154 1612 und

362 1617 565 1667 Vnholden/
573 1625 636 1671 daß
647 1625 685 1672 ſie
694 1627 768 1663 alda
777 1620 908 1671 jaͤhrlich
917 1626 952 1662 in
964 1627 1017 1663 der
1044 1623 1155 1662 Nacht

1046 1670 1150 1710 VVal-
