1240 1948
349 150 386 187 86

520 156 552 195 2.
552 156 650 195 Theil.
650 156 724 195 Von
735 163 784 195 den
794 164 1006 200 mancherleyen

350 200 490 238 Numen
498 205 577 238 ineſt
591 210 716 262 etenim
716 210 862 262 cœleſtis
862 210 899 262 &
899 210 1006 262 Hexis
1006 210 1048 262 in
1048 210 1121 262 ipſo

401 251 469 293 Qui
480 254 589 299 preſſit
598 255 705 292 claros
714 257 935 309 imbriferoſq;
945 258 1026 300 dies.

352 296 440 350 Eſtq;
454 301 673 348 Cheruſcorum
689 307 731 362 ſic
744 311 886 362 practica
896 322 1000 349 certa,
1007 308 1145 363 magiſq;

462 351 552 391 huic,

403 399 517 441 Quam
528 405 583 447 qui
594 402 672 444 ſunt
672 402 822 444 celebres
822 402 974 444 creditur
974 402 1046 444 arte
1064 407 1146 460 poli.

353 445 444 483 Nam
453 448 475 483 ſi
483 461 580 488 mane
589 460 687 502 caput
695 454 813 490 nebula
822 458 901 507 tegit
908 468 978 505 atq;
989 468 1142 501 tenebris,

403 499 472 533 Aut
478 499 607 546 pluvias
607 499 668 546 aut
682 502 748 541 fert
748 502 868 541 nubila
868 502 935 541 ſive
947 510 1052 545 nives.

354 546 400 582 At
407 547 428 580 ſi
438 548 593 596 depoſitis
605 555 693 591 videt
701 554 810 593 ardua
810 554 937 593 lumina
946 556 1021 592 folis

404 595 584 642 Nubibus,
584 597 628 642 eſt
636 614 728 639 certo
738 604 823 639 clara
831 602 941 640 futura
950 603 1031 643 dies.

611 737 762 811 Ander
762 737 887 811 Theil

714 817 782 850 des

578 854 925 913 Blockes-Berges.

354 906 484 1048 B

487 910 555 971 Jß
555 910 684 971 hieher
684 910 840 971 kuͤrtzlich
858 920 901 968 in
901 920 1053 968 genere
1069 920 1151 965 und

488 969 692 1014 Verßweiſe/
702 971 744 1008 võ
744 971 798 1008 der
805 976 916 1018 Hexen
925 974 1079 1018 Gaſterey
1088 973 1153 1018 auf

488 1020 559 1067 dem
559 1020 788 1067 Blocksberge.
815 1022 937 1063 Damit
953 1026 1012 1062 wir
1027 1026 1100 1061 aber
1108 1026 1149 1060 et-

353 1075 427 1106 was
436 1067 679 1115 weitlaͤufftiger
679 1067 754 1115 und
754 1067 793 1115 in
802 1073 903 1125 ſpecie
913 1076 1021 1111 davon
1036 1073 1148 1118 ſchwa-

352 1118 426 1161 tzen/
426 1118 457 1161 ſo
466 1122 546 1155 wird
555 1117 622 1165 von
622 1117 745 1165 noͤthen
756 1121 850 1164 ſeyn;
859 1123 920 1166 daß
929 1125 988 1159 wir
997 1128 1031 1159 in
1048 1131 1147 1165 unge-

352 1166 517 1207 bundener
517 1166 607 1207 Rede
617 1169 674 1206 alle
683 1173 742 1206 mit
750 1174 907 1217 wenigem
917 1168 1062 1217 beruͤhrte
1072 1170 1148 1210 Sa-

350 1217 441 1263 chen/
441 1217 509 1263 auß
518 1217 807 1262 unterſchiedlichen
816 1220 1013 1259 Autoribus,
1022 1226 1054 1260 in
1064 1224 1150 1259 einer

351 1266 524 1311 beſondern
556 1272 625 1304 und
659 1270 930 1310 nachdencklichen
954 1268 1146 1320 diſpoſition

350 1318 426 1354 oder
454 1314 680 1361 Einordnung
709 1318 943 1357 nacheinander
973 1318 1148 1364 vorziehen/

350 1368 420 1401 und
431 1369 493 1400 das
503 1373 603 1409 gantze
613 1363 731 1403 Werck
745 1366 808 1410 alſo
826 1367 991 1410 deutlicher
1005 1367 1148 1415 gemacht

351 1418 465 1450 werde.
490 1413 555 1459 Jch
563 1423 732 1459 vermeyne
742 1418 831 1453 aber/
831 1418 931 1453 wenn
942 1418 998 1454 alle
1007 1420 1147 1452 circum-

350 1460 490 1498 ſtantien
507 1467 580 1498 oder
594 1461 807 1506 Vmbſtaͤnde
818 1465 910 1508 ſollen
927 1463 1057 1503 eroͤrtert
1072 1476 1146 1503 wer-

351 1515 452 1554 den;
485 1511 546 1555 daß
557 1517 592 1548 es
606 1511 808 1557 außfuͤhrlich
823 1519 891 1551 und
900 1513 1089 1559 vollstaͤndig
1098 1524 1148 1560 ge-

350 1558 475 1606 ſchehen
485 1558 597 1597 koͤnne.
619 1559 822 1606 Derowegen
838 1565 952 1601 wollen
962 1567 1022 1602 wir
1031 1564 1109 1608 alſo/
1109 1564 1144 1608 in

354 1608 477 1647 Gottes
477 1608 642 1647 Namen/
662 1612 696 1648 in
706 1615 773 1648 und
787 1614 842 1658 bey
853 1613 964 1659 ſolcher
979 1613 1145 1660 gedachten

352 1658 651 1713 Hexen-Gaſterey/
651 1658 793 1713 erwegen
803 1665 851 1703 die

1007 1712 1033 1754 I.
1050 1711 1096 1762 P
1096 1711 1143 1762 er-
