1240 1948
365 178 590 219 Beſchreibung.

859 183 897 218 85

105 228 323 280 VValpurgæ,
323 228 398 280 oder
415 235 475 270 den
490 229 589 277 erſten
601 229 685 275 Maji
698 228 789 278 ihren
798 231 897 267 Con-

106 290 182 315 vent
189 285 256 321 und
270 279 343 328 Hof
343 279 458 328 halten
475 281 596 327 ſollen/
620 283 695 320 alda
708 291 775 321 von
785 282 898 329 fernen

105 330 213 371 Orten
223 331 404 376 zuſammen
413 331 578 377 kommen/
578 331 639 377 mit
639 331 732 377 ihren
740 331 893 376 Teuffeln

106 382 178 417 alda
185 380 316 423 buhlen/
316 380 363 423 die
371 380 485 421 Nacht
499 382 668 425 zubringen
689 385 749 418 mit
764 380 897 426 ſpielen/

105 426 208 471 zechen
217 433 284 467 und
304 434 447 473 tantzen/
471 433 530 468 wie
537 430 603 476 auß
616 428 705 476 ihren
719 428 897 477 Außſagen

104 477 268 518 kundbar/
284 483 353 517 und
373 480 410 524 iſt
425 479 505 524 auch
523 490 606 526 ganz
622 480 809 526 glaͤublich/
835 482 898 519 wie

104 530 151 572 ich
160 530 239 572 auch
249 533 308 566 mit
318 533 442 566 andern
452 526 715 575 uͤbereinstimme/
715 526 779 575 daß
788 529 897 576 gleich-

107 581 167 616 wie
167 581 219 616 die
237 576 402 625 Nymphæ
416 579 484 617 und
516 579 658 622 Veneres
684 588 721 622 zu
752 578 898 619 Adams-

107 624 287 672 Menſchen
287 624 354 672 Luſt
361 625 462 672 haben
471 630 539 666 und
547 627 656 673 ſolcher
665 625 830 674 begehren/
830 625 899 674 alſo

106 676 158 722 ein
158 676 389 722 Venus-Berg
397 677 603 721 auffrichten/
603 677 666 721 alſo
676 678 755 719 auch
765 677 812 716 die
812 677 897 716 Teu-

108 725 151 769 fel
159 729 206 764 die
215 723 392 770 Menschen
392 723 451 770 mit
462 725 552 773 ihren
567 726 751 771 Wolluͤſten
769 725 898 772 verfuͤh-

108 780 182 812 ren/
195 778 264 812 und
271 777 361 812 einen
370 775 530 813 benanten
539 773 611 814 Ort
621 780 674 815 der
682 774 898 822 Zuſammen-

109 823 213 866 kunfft
231 821 393 868 erwehlen.
437 822 492 863 Es
506 823 563 870 hat
582 822 639 870 ihn
659 821 896 862 VVendelinus

110 870 314 911 Helbachius
314 870 417 911 Poëta
429 873 492 919 alſo
500 873 699 918 beſchrieben,

111 960 213 998 Mons
225 960 301 996 ſitus
321 963 473 997 Herciniæ
488 961 532 998 eſt
559 961 679 1003 mediis
703 964 738 1001 in
763 958 900 1000 ſaltibus

215 1013 340 1060 ingens,

156 1062 327 1109 Qui partu
341 1061 433 1096 Budæ
454 1060 557 1112 divite
557 1060 671 1112 gignit
671 1060 789 1112 aquas.

111 1108 314 1161 Longinquis
328 1109 350 1145 ſi
365 1110 499 1159 quidem
509 1111 629 1160 procul
643 1111 695 1148 ille
710 1111 841 1152 videtur
853 1109 899 1146 ab

219 1161 298 1201 oris,

160 1208 262 1245 Hunc
277 1211 441 1245 Proculum
461 1209 581 1247 meritò
595 1213 736 1250 nomine
748 1224 822 1261 req;
833 1223 899 1247 vo-

218 1270 305 1296 cant.

109 1306 237 1355 Namq;
246 1306 425 1356 Thuringus
433 1319 510 1343 eum
528 1311 603 1344 cum
618 1311 741 1342 Saxone
750 1311 854 1345 cernit
860 1301 906 1349 &

219 1355 342 1402 Heſſus,

159 1405 240 1454 Atq;
248 1406 436 1452 Eisfeldiacæ
445 1404 575 1441 ſubdita
588 1404 689 1443 turba
699 1405 814 1455 plagæ.

110 1454 174 1491 Hic
182 1454 279 1490 veluti
287 1454 432 1504 reliquos
441 1454 567 1490 exceIlit
574 1466 718 1502 corpore
729 1466 876 1493 montes,

155 1504 343 1551 Quotquot
343 1504 383 1551 in
383 1504 548 1551 Herciniæ
557 1501 689 1538 ſaltibus
699 1503 759 1538 eſſe
772 1502 878 1541 vides.

112 1550 292 1589 Nobilitate
301 1551 360 1588 ſua
360 1551 404 1588 ſic
418 1552 481 1587 hos
490 1564 630 1601 quoque
640 1554 741 1590 vincit
748 1555 787 1595 &
787 1555 877 1595 arte,

159 1601 196 1640 Et
203 1604 312 1654 capitis
323 1604 401 1652 vera
401 1604 612 1652 proprietate
612 1604 674 1652 ſui.

499 1699 529 1749 F
553 1701 605 1749 iij

757 1699 897 1743 Numen
