1152 1852
335 433 617 505 Verliebte
641 433 833 505 Seele.

140 531 444 842 J

467 558 541 620 Ch
553 563 652 620 gebe
662 562 730 613 dir
742 559 834 621 hier
845 557 911 624 die
911 557 1050 624 Geiſt-

506 626 645 689 lichen
645 626 1049 689 Hirten-Lieder/

506 694 593 742 und
619 694 830 755 liebreiche
859 695 1049 756 Begier-

507 760 586 810 den
607 759 679 811 der
700 760 859 811 Braut
879 760 1049 820 Chriſti

509 834 562 888 zu
583 823 723 888 jhrem
737 825 1047 888 Braͤutigam;

123 891 210 938 mit
225 887 400 945 welchen
412 888 469 942 du
485 891 575 956 dich
586 892 689 949 nach
708 893 875 943 deinem
885 892 1046 953 Gefal-

121 957 193 1005 len
216 955 470 1017 erluſtigen/
470 955 562 1017 und
573 963 620 1007 in
639 960 712 1010 der
725 956 900 1021 Wuͤſten
921 962 1049 1020 dieſer

120 1019 281 1083 Welt/
301 1023 369 1072 als
391 1025 460 1071 ein
484 1024 663 1085 keuſches
687 1024 1048 1077 Turteltaͤublein

121 1087 224 1146 nach
248 1088 392 1149 JEſu
408 1089 581 1141 deinem
594 1090 825 1142 Geliebten
841 1092 1049 1152 inniglich

122 1155 211 1205 und
232 1154 392 1213 lieblich
422 1156 614 1215 ſeufftzen
636 1154 775 1216 kanſt.
841 1158 912 1208 Es
932 1157 1048 1208 waͤre

120 1232 205 1271 uns
217 1223 286 1271 ein
299 1219 482 1282 Spott/
482 1219 584 1282 wañ
594 1226 679 1275 wir
689 1235 731 1273 es
743 1234 823 1272 uns
837 1224 900 1273 die
910 1223 1050 1274 Welt-

122 1287 433 1345 Verliebten/
454 1287 600 1346 welche
620 1301 701 1340 von
716 1287 835 1348 jhrer
854 1291 1050 1350 ſchnoͤden

122 1354 212 1404 und
230 1353 405 1405 blinden
415 1355 547 1405 Liebe
571 1357 607 1415 ſo
619 1356 702 1407 viel
712 1356 857 1418 ſingen
878 1359 963 1407 und
990 1360 1050 1414 ſa-

120 1423 231 1481 gen/
241 1419 398 1470 wolten
409 1420 538 1482 laſſen
553 1434 681 1483 zuvor
697 1420 837 1480 thun/
837 1420 922 1480 und
938 1424 1051 1478 nicht

118 1480 225 1546 auch
245 1497 381 1536 etwas
404 1497 487 1537 von
516 1488 591 1540 der
613 1490 742 1539 Liebe
766 1492 909 1549 unſres
937 1488 1051 1550 ſuͤſſes

120 1549 288 1610 Gottes
295 1553 464 1619 ſingen.
473 1540 616 1607 Denn
628 1558 678 1607 ob
691 1566 811 1619 zwar
822 1557 906 1610 viel
918 1554 1050 1617 ſchoͤne

960 1623 1050 1673 und
