1280 2091
332 296 574 330 Grüne Ukraine,
332 347 664 383 Du biſt jetzt verlaſſen
331 398 706 433 Einſam, einſam, einſam
332 449 760 478 Seit der Tartar kommt —
331 499 692 535 Ach, ihr freien Pferde,
332 551 673 585 und ihr freien Polen!
246 1764 297 1790 IV.
814 1767 836 1798 5
588 185 636 215 97
235 658 1055 699 Ich hatte vorher nicht weinen können, obwohl
167 723 1055 764 ich mein Liebſtes verloren hatte, jetzt rannten mir
167 787 1057 828 die Thränen ſtromweis über das Geſicht, ich wen-
168 1305 413 1345 Heimath liegt.
168 853 1055 893 dete den Kopf meines Pferdes wieder herum nach
166 916 1056 958 Volhynien zu, von wo ich gekommen war, um
169 980 1056 1023 mein Mädchen zu ſuchen. Das Thier eilte raſtlos
168 1046 1058 1087 nach der Heimath, und als beim Anbruch des
168 1109 1057 1152 Morgens eins jener ſchlanken Steppenroſſe wiehernd
169 1176 1058 1215 und wild an mir vorüberflog, da ſah ich ſchon von
168 1238 1058 1281 Weitem die ewigen hohen Wälder, in welchen meine
239 1367 1058 1409 Dort zwiſchen den alten Bäumen, auf den
169 1432 1058 1473 feuchten, mit hohem Gras bewachſenen Wieſen war
170 1498 1058 1540 ich groß geworden, hatte den Wolf gejagt, und
170 1562 1058 1604 das muntre Pferd getummelt. Mein Vater war
169 1626 1058 1669 ein reicher Gutsbeſizer, und ich war das Einzige
169 1691 1060 1732 auf der Welt, an dem er noch Freude hatte, ſeit
