2000 2784
304 133 380 192 Es
395 133 638 200 beſchreibet
657 133 763 198 auch
777 132 1049 182 Victruvius
1063 133 1139 181 lib.
1162 145 1229 181 10.
1241 145 1343 191 cap.
1356 126 1416 180 13.
1416 126 1481 180 de
1494 125 1825 177 Architectura

164 206 256 274 das
256 206 568 274 Jnſtrument/
568 206 617 274 ſo
626 218 736 258 man
754 204 1094 263 Hydraulicum
1276 219 1292 250 /
1104 211 1268 254 nennet
1304 202 1396 252 vnd
1406 201 1517 251 vom
1524 196 1734 260 Cteſibio
1753 197 1818 260 ſol

163 276 379 342 erfunden
379 275 504 340 ſeyn/
504 275 604 339 wie
606 267 784 324 Plinius
784 267 867 324 lib.
867 267 914 324 7.
914 267 952 324 c.
952 267 1023 324 37.
1023 267 1218 324 Ramus
1218 267 1300 324 lib.
1300 267 1336 324 I.
1336 267 1506 324 Schol.
1506 267 1803 325 Mathemat.

162 350 409 395 Turnebus
437 348 468 395 I.
510 341 756 391 Adverſar.
781 337 869 404 auß
892 337 1096 402 welchem
1123 341 1238 408 ohne
1262 336 1444 405 zweiffel
1467 337 1654 405 hernach
1680 335 1811 400 vnſer

161 414 316 481 Orgel
336 412 627 479 entſprungen
640 403 706 472 iſt.

362 557 743 626 Die Beſaͤyteten
754 558 1047 627 Jnſtrument
1060 556 1316 619 anlangend
1328 570 1350 612 /
1366 558 1418 623 iſt
1436 560 1502 613 die
1517 557 1650 623 Leyre
1667 560 1717 610 in
1735 568 1807 621 ge-

161 631 259 697 ſtalt
271 631 390 681 eines
404 628 638 697 Schlitten
658 635 680 693 (
701 634 780 683 wie
801 633 983 678 Cœlius
1003 628 1312 692 Rhodiginus
1312 628 1399 692 lib.
1399 628 1462 692 9.
1462 628 1567 692 cap.
1583 639 1621 675 6.
1637 632 1808 691 Antiq.

164 697 298 768 Lect.
298 697 398 768 auß
398 697 500 768 dem
517 705 795 751 Ammonio
811 701 1094 747 Marcellino
1104 697 1316 759 bezeuget)
1329 694 1560 757 formiret,
1560 694 1634 757 die
1634 694 1808 757 Saͤyt-

160 778 234 822 ten
245 774 307 824 im
318 772 493 839 anfang
506 785 596 823 von
609 774 764 835 leynen
773 768 946 835 Faͤden/
946 768 1133 835 hernach
1143 766 1245 818 aber
1256 777 1342 818 aus
1353 760 1573 819 Daͤrmen
1586 767 1810 828 gemachet

162 842 363 906 geweſen.
383 845 496 892 Scal.
525 845 603 894 lib.
626 858 658 894 I.
680 849 779 906 cap.
779 849 864 906 48.
881 834 1012 889 Poët.
1171 830 1256 903 An
1256 830 1342 903 der
1342 830 1465 903 Zahl
1487 842 1574 884 nur
1593 836 1709 885 vier/
1709 836 1809 885 ent-

160 916 303 964 weder
312 914 416 974 nach
437 917 510 962 der
519 909 635 978 Zahl
654 915 727 961 der
737 914 829 961 vier
845 907 1055 963 Element
1071 916 1095 962 /
1116 910 1223 960 oder
1243 909 1335 958 vier
1352 902 1506 973 Zeiten
1527 906 1604 955 des
1629 900 1811 967 Jahrs:

162 982 299 1033 Oder
310 988 381 1032 der
391 983 573 1048 vierden
573 983 673 1048 zahl
686 994 736 1040 zu
746 980 922 1048 Ehren/
934 980 1083 1040 welche
1097 991 1188 1031 von
1203 972 1284 1039 der
1284 972 1611 1039 Pythagoricis
1611 972 1695 1039 fuͤr
1715 972 1811 1024 eine

162 1053 314 1116 heilige
327 1048 444 1117 Zahl
465 1054 513 1114 iſt
532 1052 732 1116 gehalten
754 1050 969 1117 worden/
969 1050 1110 1117 dabey
1122 1050 1179 1115 ſie
1193 1049 1297 1112 auch
1318 1044 1620 1111 geſchworen/
1620 1044 1705 1111 wie
1720 1043 1807 1105 Py-

160 1123 381 1185 thagoras
388 1124 437 1168 in
452 1136 596 1167 aureo
609 1126 792 1167 camine
805 1121 998 1182 bezeuget
1012 1132 1025 1166 :

308 1249 451 1325 Ναὶ.
451 1249 649 1325 Μὰτὸv
661 1251 893 1346 ἁμετέϱᾳ
920 1248 1115 1347 ψυχᾶ
1133 1251 1476 1342 παραδόντα
1502 1242 1805 1336 τετϱακτὺν

309 1359 523 1433 Παγὰν
540 1352 743 1419 ἀενάσυ
763 1362 1005 1436 φυύσεως,
1021 1365 1118 1429 vnd
1118 1365 1207 1429 bey
1207 1365 1312 1429 dem
1331 1362 1592 1412 Macrobio,
1611 1358 1669 1406 A.
1687 1352 1802 1406 Gel-

158 1445 249 1498 lio,
249 1445 397 1498 Suida
412 1447 508 1496 vnd
522 1452 693 1499 andern
704 1444 1023 1509 weitleufftiger
1042 1440 1263 1508 zuerſehen
1273 1440 1321 1506 iſt
1331 1450 1350 1489 :

357 1590 501 1649 Oder
501 1590 589 1649 den
605 1594 748 1656 Muſis
748 1596 806 1656 zu
820 1594 970 1661 ehren/
970 1594 1092 1661 derer
1105 1594 1169 1645 im
1178 1588 1354 1651 anfang
1369 1597 1457 1637 nur
1474 1585 1566 1637 vier
1589 1580 1720 1645 ſollen
1733 1590 1806 1643 ge-

158 1663 292 1726 weſen
306 1663 437 1731 ſeyn:
504 1663 645 1718 Oder
660 1666 768 1727 nach
782 1670 854 1715 der
871 1661 988 1730 Zahl
1007 1672 1080 1715 der
1100 1652 1195 1713 vier
1195 1652 1535 1713 Numerorum
1535 1652 1806 1713 Harmoni-

157 1749 328 1781 corum
351 1736 782 1797 proportionalium
804 1736 1212 1795 Pythagoreorum
1250 1742 1282 1773 1.
1324 1742 1362 1772 2.
1391 1738 1434 1786 3.
1468 1741 1521 1790 4.
1550 1720 1808 1776 Darinnen

157 1803 238 1845 alle
251 1806 324 1849 der
334 1803 453 1853 alten
465 1802 825 1855 Conſonantiæ,
836 1801 910 1863 alß
922 1806 1179 1852 Vniſonus,
1191 1801 1384 1858 Quarta,
1398 1798 1593 1852 Quinta,
1606 1792 1806 1841 Octava,

162 1864 462 1910 Duodecima
477 1871 575 1931 vnd
575 1871 945 1931 Decimaquinta
958 1868 1183 1932 begriffen.
1346 1863 1421 1915 Es
1435 1867 1510 1925 hat
1531 1862 1633 1910 aber
1655 1860 1720 1904 die
1740 1868 1809 1904 er-

162 1937 216 2003 ſte
226 1936 316 1987 vnd
332 1930 436 1989 letzte
449 1928 612 1992 Saͤyte
625 1939 723 1981 eine
723 1939 960 1981 Octavam
1006 1942 1031 1985 :
1093 1934 1193 1983 Die
1208 1930 1416 1990 mitelſten
1437 1930 1566 1988 beyde
1581 1922 1806 1972 vnterein-

163 2013 304 2059 ander
326 2006 449 2057 einen
466 2000 697 2047 Tonum,
714 2007 850 2057 gegen
870 1999 935 2045 die
956 1998 1177 2058 euſſerſten
1195 1996 1296 2043 aber
1323 1995 1414 2043 eine
1439 1995 1675 2053 Quartam
1704 1998 1814 2046 oder

164 2080 396 2136 Quintam
415 2069 670 2139 geklungen/
683 2068 762 2116 wie
773 2076 859 2116 aus
872 2062 1006 2128 dieſen
1021 2065 1227 2111 numeris
1242 2055 1545 2117 Harmonicis
1581 2075 1622 2114 6.
1641 2075 1681 2119 8.
1681 2075 1737 2119 9.
1737 2075 1807 2119 12.

167 2146 340 2211 klaͤrlich
353 2144 410 2214 zu
410 2144 600 2214 erſehen.
713 2133 794 2203 Es
794 2133 854 2203 iſt
854 2133 965 2203 aber
965 2133 1075 2203 dieſe
1089 2134 1265 2186 Muſica
1281 2135 1347 2207 im
1347 2135 1531 2207 anfang
1531 2135 1632 2207 ſehr
1632 2135 1817 2207 ſchlecht

1674 2215 1818 2272 gewe-

1038 2209 1112 2273 ):(
1180 2220 1220 2276 4
