1700 2687
274 394 350 422 Vom
369 394 494 431 Gerippe
513 395 562 422 der
580 395 771 433 Säugethiere.

914 402 960 435 25

96 472 176 500 tern
205 482 282 504 von
310 473 578 518 Säugethieren
610 485 688 508 von
716 473 963 516 auffallender

95 530 437 570 Verschiedenheit.
489 540 567 583 Bey
597 537 725 589 vielen
742 537 840 589 feris
865 556 896 576 z.
920 549 960 581 B.

93 593 143 629 ist
177 610 215 632 er
254 599 374 638 klein;
417 612 458 635 so
499 605 595 639 auch
627 605 735 650 beym
767 607 960 644 Wallroſs.

94 659 292 708 Hingegen
318 662 390 707 bey
414 665 488 715 den
514 669 667 715 gliribus
692 672 804 706 theils
838 674 961 708 mäch-

93 722 148 770 tig
181 723 307 772 groſs;
360 729 402 764 so
437 730 550 776 beym
588 733 722 776 Biber,
774 738 962 772 Murmel-

92 785 211 828 thier;
238 791 335 826 auch
360 793 471 838 beym
486 795 671 842 Nilpferd,
682 797 793 843 beym
802 803 962 837 Tümm-

90 847 162 893 ler,
200 855 396 890 Caschelot
441 869 478 891 u.
506 871 535 893 a.
569 872 619 894 m.
661 882 712 888 —
768 863 840 898 Die
874 866 961 901 selt-

90 921 226 953 samste
256 921 366 954 Form
401 921 524 958 haben
557 923 618 958 die
653 927 785 962 beiden
822 930 961 967 haken-

87 976 230 1029 förmig
256 985 453 1033 gebognen
483 987 601 1025 durch
625 992 707 1028 eine
733 993 850 1028 breite
867 998 961 1040 Syn-

88 1043 302 1081 chondrose
328 1061 402 1082 von
440 1052 618 1086 einander
642 1065 869 1101 getrennten
898 1064 959 1096 In-

87 1108 321 1145 termaxillar
333 1130 344 1138 -
357 1115 541 1151 Knochen
565 1117 629 1154 des
642 1119 956 1159 Schnabelthiers.

86 1173 128 1216 (s.
155 1175 228 1211 tab.
251 1178 279 1213 I.
308 1191 340 1213 n.
359 1179 412 1225 o.)
436 1180 479 1226 *).

548 1251 578 1283 B
602 1260 623 1292 5

848 1259 877 1299 §.
899 1265 955 1299 15.

201 1355 264 1395 gen
284 1356 408 1388 Stellen
426 1360 635 1393 aufmerksam
660 1366 785 1402 macht,
812 1372 831 1385 “
841 1369 896 1399 vbi
916 1381 958 1402 ex

200 1413 368 1444 simiarum
398 1416 591 1452 dissectione
611 1420 719 1460 deceptus
780 1425 955 1463 GALENUS,

200 1479 223 1498 a
243 1480 321 1499 vera
348 1473 490 1504 hominis
522 1479 761 1509 constructione
778 1492 817 1510 ac
839 1482 956 1514 sceleto

197 1524 340 1556 deuiat.’’
363 1538 387 1559 s.
407 1539 478 1569 pag.
496 1542 565 1563 120.
586 1544 641 1572 125
664 1546 697 1567 u.
715 1535 741 1568 f.

146 1595 180 1635 *)
204 1596 256 1626 Ich
286 1597 360 1628 darf
383 1599 472 1629 nicht
505 1602 583 1632 alles
610 1604 680 1635 hier
715 1608 953 1647 wiederholen,

199 1665 264 1685 was
298 1666 370 1686 vom
395 1658 818 1697 lntermaxillar - Knochen
840 1668 872 1696 in
898 1668 954 1698 der

201 1720 276 1750 3ten
296 1713 393 1755 Ausg.
425 1717 464 1746 de
493 1729 599 1757 gener.
625 1720 710 1754 hum.
735 1726 851 1757 variet.
884 1736 953 1767 pag.

198 1780 238 1807 34
263 1773 310 1802 bis
336 1784 372 1809 41
393 1784 501 1814 gesagt
520 1777 579 1814 ist,
601 1790 653 1810 wo
668 1780 718 1809 ich
738 1783 820 1812 auch
845 1784 953 1825 einige

197 1827 290 1857 Affen
326 1830 392 1860 und
434 1832 640 1866 Meerkatzen
672 1837 863 1877 angeführt,
911 1851 954 1870 an

199 1884 299 1913 deren
331 1885 511 1925 Schedeln,
560 1893 775 1934 ohngeachtet
805 1897 853 1925 sie
886 1906 951 1927 von

194 1941 316 1980 jungen
337 1943 508 1982 Subjecten
532 1958 654 1986 waren,
666 1951 735 1981 sich
756 1951 839 1981 doch
857 1953 951 1984 keine

193 1996 278 2037 Spur
305 2000 410 2033 dieses
429 2003 607 2037 Knochens
625 2009 791 2038 erkennen
807 2009 886 2040 lieſs.
908 2026 950 2034 —

872 2067 950 2098 Man
