1700 2686
720 428 769 461 26

1045 448 1084 473 II.
1103 443 1270 472 Abschnitt.

1089 530 1117 566 §.
1158 534 1216 565 15.

790 602 866 637 Die
908 601 1001 635 eben
1043 601 1248 646 gedachten
1282 599 1443 648 vordern
1475 599 1587 648 fora-

716 669 815 703 mina
852 664 1016 711 palatina
1051 663 1160 707 (oder
1196 666 1358 709 incisiua)
1393 663 1481 699 sind
1514 665 1588 710 bey

717 732 791 764 den
805 728 997 763 mehrsten
1016 726 1297 774 Säugethieren,
1312 741 1354 762 so
1378 728 1451 763 wie
1474 728 1588 772 beym

1359 793 1585 836 Menschen,

830 916 910 947 Man
928 912 1041 944 müſste
1059 911 1147 941 denn
1164 910 1359 947 annehmen,
1383 910 1449 941 daſs
1469 912 1503 943 er
1521 912 1584 953 bey

830 974 915 1004 allen
937 969 1049 1001 diesen
1059 969 1205 1000 Thieren
1221 968 1324 1000 schon
1345 969 1380 998 in
1396 968 1502 998 ihrem
1520 980 1580 999 un-

829 1029 935 1061 reifen
976 1028 1065 1057 Alter
1105 1036 1186 1065 ganz
1228 1025 1438 1055 verwachsen
1481 1029 1581 1061 wäre,

829 1097 929 1119 wenn
946 1083 1053 1126 gleich
1066 1082 1119 1112 die
1139 1082 1276 1122 übrigen
1291 1080 1581 1113 Schedelknochen

828 1145 915 1176 noch
939 1141 1011 1173 aufs
1034 1140 1227 1171 deutlichste
1261 1139 1331 1170 ihre
1361 1139 1504 1169 Suturen
1533 1148 1581 1169 er-

825 1201 935 1231 halten
956 1198 1079 1226 hätten.

882 1253 979 1285 Auch
995 1253 1059 1290 bey
1079 1249 1315 1280 verschiednen
1340 1249 1577 1291 Säugethieren

825 1323 880 1344 aus
906 1310 1029 1340 andern
1041 1307 1244 1346 Ordnungen
1256 1329 1264 1341 ,
1282 1308 1483 1338 namentlich
1499 1307 1576 1337 dem

823 1367 1002 1409 Bradypus
1034 1362 1232 1404 tridactylus
1267 1364 1333 1394 und
1375 1363 1575 1401 Vespertilio

823 1422 950 1469 ferrum
970 1421 1139 1463 equinum,
1163 1421 1287 1450 konnte
1303 1421 1387 1451 Herr
1399 1420 1576 1452 Bibliothe-

821 1481 878 1514 kar
901 1479 1047 1511 FISCHER
1070 1477 1166 1508 keine
1189 1476 1273 1517 Spur
1293 1476 1348 1507 des
1372 1477 1574 1506 Intermaxil-

821 1542 885 1571 lar-
900 1538 1056 1570 Knochen
1079 1534 1259 1566 auffinden.
1310 1545 1334 1565 s.
1366 1534 1458 1566 Dess.
1487 1534 1573 1565 oben

819 1595 1014 1639 angeführte
1036 1590 1260 1625 meisterhafte
1278 1590 1516 1632 Monographie
1539 1591 1572 1622 S.

822 1666 873 1694 47.
892 1658 942 1693 89.
987 1652 1080 1691 Doch
1104 1652 1192 1691 giebt
1219 1659 1253 1679 er
1275 1649 1376 1677 selbst
1399 1647 1452 1675 die
1479 1647 1574 1687 Mög-

819 1712 951 1743 lichkeit
970 1720 1030 1744 zu,
1053 1707 1120 1736 daſs
1144 1704 1345 1744 wenigstens
1367 1703 1463 1743 beym
1482 1703 1571 1733 Faul-

819 1768 905 1798 thier
937 1768 1028 1804 jener
1057 1763 1220 1793 Knochen
1247 1759 1471 1801 loſsgestoſsen
1500 1761 1569 1791 und

817 1825 970 1856 verloren
988 1829 1153 1863 gegangen
1177 1820 1256 1859 seyn
1275 1820 1395 1848 könne.
1412 1834 1447 1840 —
1465 1818 1569 1853 Kurz,

817 1882 879 1913 alle
895 1880 948 1909 die
960 1875 1176 1918 angeführten
1188 1876 1396 1907 Ausnahmen
1407 1873 1568 1904 bedürfen

817 1945 884 1969 erst
898 1936 983 1968 noch
993 1932 1143 1964 weiterer
1158 1942 1298 1974 genauer
1314 1930 1568 1971 Untersuchung

814 2007 855 2030 an
887 1994 1041 2024 mehrern
1067 1990 1157 2020 recht
1188 1988 1428 2026 vollständigen
1453 1987 1567 2016 Exem-

813 2054 924 2093 plaren
961 2060 1016 2081 aus
1057 2047 1293 2079 verschiednen
1331 2044 1568 2084 Lebensperio-

806 2109 869 2139 den
887 2118 916 2140 u.
933 2118 957 2139 s.
975 2117 1017 2138 w.
