1755 2331
181 201 312 252 Migni
321 200 440 242 Biſilii
454 201 619 243 Ceſareæ
628 205 782 245 ciuitatis
805 206 985 265 Archiep̃i,
1000 205 1216 257 ad nepotes

212 258 300 288 iuos
313 254 455 302 pulchꝶ
468 255 514 292 de
524 256 684 304 legendis
696 256 792 292 libris
804 254 1022 295 ſæcularibus
1044 257 1206 306 opuſcu-

222 300 301 337 lum
301 330 317 354 ,
332 304 440 339 titulis
452 305 629 352 rubriciſq;
639 305 864 343 interſtinctũ
883 307 1009 355 incipit
1018 307 1191 346 fœliciter.

577 449 775 500 Prologus.

532 544 616 583 Vlta
616 544 699 583 ſunt
707 546 769 584 filii
781 559 865 597 quæ
886 550 1049 587 hortãtur
1060 564 1118 589 me
1129 552 1176 589 ad
1187 566 1229 594 ea

533 597 640 630 uobis
654 594 857 648 cõſulenda.
857 594 940 648 quæ
951 603 1090 647 optima
1100 605 1139 638 eẽ
1150 605 1226 639 du-

532 653 590 697 co,
590 653 709 697 quæq;
724 648 837 682 uobis
846 649 867 683 ſi
879 649 935 684 illa
958 646 1088 697 ſequiir
1095 653 1143 685 ini
1156 662 1227 696 pro

532 691 648 727 fucura
660 693 783 730 cofido
795 695 954 743 Quippe
966 701 1001 733 &
1014 697 1225 738 huiuſmodi

533 751 613 776 œtas
626 739 651 777 &
676 742 821 790 multaꝶ
835 755 905 784 reꝶ
917 744 1015 782 uſus.
1027 747 1063 782 &
1077 747 1153 795 iſuꝑ
1164 748 1229 795 qd

533 801 591 826 oĩa
606 792 700 827 maxi
714 803 759 826 ne
771 792 878 828 docet
891 795 901 829 i
915 795 1027 840 utrãq;
1049 805 1149 842 ꝑtem
1161 799 1230 834 imi

531 837 647 887 tatões
662 838 740 876 ſatis
756 852 794 875 eẽ
807 844 963 887 expertũ.
982 846 1133 891 hũanaꝶ
1145 854 1229 881 rerũ

189 900 250 924 me
263 890 371 924 fecere
383 892 516 935 peritũ.
516 892 604 935 iraq;
615 890 722 934 poſſũ
738 892 794 923 his
807 901 871 937 qui
884 903 959 937 nuꝑ
983 895 1097 929 uitam
1109 891 1228 941 igreſſi

188 935 261 983 fũt.
261 935 360 983 quaſi
376 938 433 971 uiã
446 937 580 982 aliquã.
580 937 654 982 qua
667 946 704 970 tu
710 930 797 972 tiſsie
810 935 1016 985 ꝓficiſcantᷣ.
1016 935 1223 985 oſtendere.

188 984 347 1018 Accedit
359 985 401 1017 ad
416 986 502 1024 hoc.
502 986 538 1024 q,
551 984 700 1017 naturali
710 984 781 1028 ꝙdẽ
794 985 1049 1022 neceſſitudine
1062 989 1136 1034 me.
1136 989 1228 1034 poſt

188 1039 351 1074 parẽces.
351 1039 465 1074 nemo
477 1037 495 1060 ẽ
508 1026 615 1060 uobis
628 1029 827 1077 ꝓpiquior.
827 1029 1018 1077 Quãobrẽ
1033 1038 1108 1083 ego
1108 1038 1228 1083 quidẽ

185 1084 278 1123 erga
278 1084 373 1123 uos.
373 1084 440 1123 nec
453 1076 528 1110 min
529 1073 545 1097 ꝰ
557 1072 726 1110 benivolẽ
737 1077 782 1113 iæ
803 1079 918 1114 habeo
930 1079 1028 1128 ꝗ̃ ipſi
1039 1095 1225 1140 parentes,

187 1135 262 1161 uos
273 1124 337 1159 aũc
350 1119 456 1178 puto,
456 1119 524 1178 niſi
535 1120 625 1160 forre
639 1135 696 1161 me
710 1124 773 1161 ur̃a
787 1124 869 1163 fallit
881 1131 1024 1187 opinio,
1038 1134 1083 1168 cũ
1096 1145 1155 1170 me
1167 1135 1225 1172 itu

191 1175 300 1211 emini
315 1183 439 1218 parẽrũ
452 1170 624 1210 deſiderio
639 1175 735 1211 haud
747 1186 846 1225 quaꝗ̃
858 1183 1016 1232 moueri.
1016 1183 1060 1232 Si
1060 1183 1132 1232 igitᷣ
1142 1194 1229 1231 quæ

186 1233 281 1260 a me
294 1222 416 1259 dicentᷣ
429 1234 484 1263 ea.
484 1234 557 1263 uos
569 1222 701 1272 ſuſciꝑe
713 1229 859 1274 acſequi
873 1232 982 1273 parati
996 1231 1076 1267 eſtis
1077 1262 1092 1286 >
1097 1234 1108 1268 i
1122 1231 1227 1269 ſecũ-

183 1270 240 1307 do
253 1274 346 1308 eritis
360 1272 486 1307 ordine
501 1272 680 1321 iaudatoꝶ
693 1274 790 1319 apud
811 1275 989 1312 Heſiodũ.
1005 1280 1065 1314 Sin
1081 1282 1224 1335 minus,

184 1331 259 1364 ego
272 1320 349 1354 ſane
363 1320 447 1355 nihil
460 1320 653 1358 moleſtum
666 1322 798 1359 dicam.
813 1322 886 1359 Vos
899 1326 961 1360 aũt
973 1327 1150 1363 merniſtis
1164 1338 1223 1364 cac

185 1366 395 1415 minũ illoꝶ
409 1369 419 1404 i
433 1369 518 1415 quib
521 1370 536 1394 ꝰ
550 1370 602 1408 ille
614 1382 721 1418 poeta
731 1371 866 1420 inquit.
866 1371 1024 1420 Optimũ
1035 1375 1096 1412 illũ
1108 1376 1192 1426 eſſe.
1192 1376 1222 1426 ꝗ

180 1426 246 1463 per
259 1417 367 1463 leip̃m
381 1428 405 1465 q̃
417 1419 556 1468 agenda
567 1419 621 1456 fũt
632 1419 882 1471 cõſpicaretur.
882 1419 1020 1471 fequẽri
1032 1426 1094 1461 aũt
1105 1426 1220 1474 gradu

181 1468 250 1507 qui
263 1466 414 1505 aliorum
428 1467 570 1506 conſilia
592 1470 799 1518 ſequeretur
799 1470 866 1518 qui
892 1483 979 1508 uero
992 1474 1044 1513 ad
1044 1474 1221 1513 neutrum

183 1515 321 1552 horum
332 1528 436 1564 aptus
451 1517 539 1564 eſſet
539 1517 637 1564 cum
637 1517 783 1564 penitus
797 1520 864 1557 eſſe
876 1522 1060 1561 inutilem.
1060 1522 1141 1561 Nec
1141 1522 1221 1561 uos

188 1562 259 1598 ulla
271 1565 462 1602 admiratio
477 1577 606 1603 teneat.
623 1565 646 1602 ſi
659 1567 823 1613 quotidie
834 1570 881 1605 ad
893 1572 1083 1618 magiſtros
1098 1581 1221 1608 eunti-

187 1608 260 1643 bus
274 1614 399 1661 uobis.
399 1614 601 1661 ueterumq;
614 1617 778 1651 uirorum
847 1620 995 1666 ingenio
1054 1620 1223 1656 doctrina

189 1658 446 1709 preſtatntium.
446 1658 511 1709 per
524 1676 562 1699 ea
575 1663 660 1711 quæ
660 1663 710 1711 illi
722 1663 845 1710 ſcripta
856 1666 1039 1713 reliquere.
1039 1666 1223 1713 continuũ

187 1702 295 1741 uſum
306 1707 341 1743 &
353 1709 624 1749 familiaritatem
635 1712 865 1763 habentibus.
865 1712 940 1763 ego
951 1714 1085 1760 aliquid
1096 1717 1221 1751 utilius

190 1765 233 1787 ex
246 1765 302 1789 me
316 1758 393 1797 ipſo
407 1760 579 1797 inueniſſe
591 1759 771 1807 profitear.
787 1763 968 1809 Equidem
982 1766 1051 1797 hoc
1062 1765 1138 1808 ip̃m
1154 1775 1222 1800 mo

187 1802 331 1838 niturus
347 1810 471 1847 uenio.
471 1810 525 1847 nõ
536 1819 702 1855 oportere
716 1819 787 1846 uos
814 1809 987 1848 eiuſmodi
1002 1813 1087 1846 uiris
1098 1813 1149 1847 ita
1160 1823 1223 1848 mẽ

186 1853 235 1887 tis
249 1861 323 1886 ur̃e
336 1864 357 1899 g
373 1854 570 1893 ibernacula
582 1858 744 1904 ꝑmittere
775 1869 814 1896 ut
827 1867 979 1906 quacũq;
991 1858 1101 1894 dueãt
1113 1858 1161 1897 ea
1161 1858 1221 1897 ſe-

185 1902 329 1948 quami.
329 1902 392 1948 ſed
403 1904 442 1942 id
453 1904 615 1958 dũtuxat.
615 1904 677 1958 qd
690 1907 836 1948 utilitatẽ
848 1905 951 1946 affert
951 1905 1003 1946 ab
1003 1905 1075 1946 illis
1088 1911 1223 1955 accipiẽ

1074 1957 1111 1996 A
1141 1969 1168 1996 u
