1783 2349
508 193 583 237 tes.
583 193 666 237 ſcire
681 191 804 242 etiam.
804 191 840 242 ſi
840 191 892 242 ſit
892 191 999 242 opus
1013 193 1235 244 cõtemnere.
1235 193 1351 244 Quæ
1356 195 1433 245 igit
1437 208 1477 233 ea
1486 195 1560 234 ſint

505 245 544 284 &
555 245 885 292 quemadmodum
885 245 1113 292 diicernãtur
1113 245 1164 292 id
1164 245 1209 292 iã
1209 245 1321 292 uobis
1334 247 1451 294 aperiã
1464 246 1553 283 hinc

505 291 655 333 ſumens
670 295 839 330 initium.

557 342 740 390 Ca.I.que
753 341 808 379 ad
808 341 980 379 æternam
1122 337 1416 387 conſequendam
995 341 1114 377 uitam
1428 354 1472 379 cõ
1476 352 1495 379 -

585 389 697 439 fetũt.
697 389 749 439 ea
749 389 834 439 lola
834 389 973 439 q̃renda
985 389 1071 426 eſſe.
1071 389 1114 426 ac
1128 389 1139 424 i
1152 389 1258 424 bonis
1272 389 1469 427 nũeranda.

771 449 817 475 os
829 441 987 486 quidem.
994 438 1027 475 o
1027 438 1097 475 filii
1105 439 1198 475 hanc
1218 440 1421 474 humanam
1430 441 1549 476 uitam

765 488 854 524 nihil
866 498 1025 524 omnio
1039 488 1109 523 eſſe
1128 487 1352 524 arbitramur.
1352 487 1421 524 nec
1439 486 1543 522 bonũ

611 535 649 572 N
753 548 864 584 quicꝗ̃
878 537 1140 575 exiſtimãdum.
1150 536 1335 572 cenſemus
1349 545 1428 582 neq,
1439 533 1543 582 appel

768 586 924 633 landum
924 586 1038 633 landum
1054 585 1206 624 utilitatẽ.
1224 581 1340 630 nobis
1340 581 1490 630 hucuſq;
1503 581 1542 619 ſu

503 633 683 681 ppeditet.
683 633 762 681 non
776 635 860 680 itaq;
872 635 1085 683 dignitaten.
1090 644 1166 669 non
1191 634 1467 680 amplitudinem
1482 642 1544 668 ma

503 693 642 719 iorum.
648 693 726 718 non
738 686 901 728 corporis
917 695 1008 719 uires
1017 693 1110 719 .non
1128 682 1304 718 formam.
1304 682 1361 718 nõ
1377 690 1542 730 magnitu

502 732 645 768 dinem.
651 742 728 767 non
741 741 760 767 a
772 731 911 769 cunctis
924 730 1143 770 hominibus.
1149 730 1299 768 habitos
1308 732 1469 766 honores
1477 739 1544 765 .nõ

503 778 623 828 ipſum
636 791 836 826 imperium
851 791 927 815 non
941 779 1115 827 quicquid
1128 779 1203 825 dici
1203 779 1331 825 poteſt
1331 779 1375 825 in
1388 781 1453 816 hac
1467 781 1551 816 uita.

503 827 695 883 excellens,
695 827 756 883 ſed
770 830 914 876 longius
929 828 1058 864 noftræ
1070 828 1272 873 procedunt
1284 827 1417 872 ſpes.&
1428 829 1476 864 ad
1486 829 1540 864 al-

502 885 615 916 terius
628 888 701 912 uite
712 887 1009 924 præparationem
1023 874 1152 910 cuncta
1164 874 1350 909 molimur.
1365 874 1462 919 Que
1474 875 1544 921 igit

503 926 551 964 ad
564 926 631 960 hãc
645 926 741 962 uitaã
751 925 891 963 cõferũt
902 937 942 961 ea
953 936 1023 961 nos
1038 921 1132 958 totis
1132 921 1247 958 uiribꝰ
1258 923 1419 968 optanda
1429 920 1547 968 querẽ

501 974 585 1020 daq;
598 973 665 1010 eſſe
678 975 905 1021 arbitramur.
905 975 989 1021 quæ
1002 981 1088 1010 uero
1101 970 1181 1007 illuc
1193 969 1273 1019 uſq;
1273 969 1459 1019 peruenire
1471 976 1548 1005 ne-

501 1032 646 1077 queunt
658 1023 703 1060 ut
703 1023 842 1060 nullius
856 1023 1037 1060 momenti
1049 1019 1297 1069 deſpicienda.

602 1071 936 1119 Ca.II.Quantum
947 1083 1037 1108 inrer
1048 1070 1263 1108 aeternam.&
1275 1067 1450 1118 praeſentẽ

648 1124 762 1159 uitam
774 1120 916 1158 inttrſit.

762 1179 817 1205 uæ
828 1170 875 1204 nã
887 1176 1008 1204 tamen
1021 1166 1086 1202 iſta
1098 1163 1153 1201 fit.
1167 1165 1204 1201 &
1216 1176 1293 1213 quo
1315 1165 1423 1211 pacto
1435 1164 1489 1202 illa
1501 1164 1541 1202 ui

772 1214 883 1252 uarur
883 1214 934 1252 id
934 1214 1025 1252 lane
1025 1214 1221 1252 oſtendere
1240 1213 1321 1259 plus
1336 1217 1476 1261 negocii
1490 1207 1549 1250 eſſ

605 1263 658 1313 Q
766 1274 802 1301 et
814 1274 936 1313 quam
936 1274 1009 1313 nos
1021 1264 1059 1300 in
1072 1260 1242 1312 preſenria
1264 1259 1517 1307 ſuſceperimus
1525 1287 1536 1297 .

774 1325 931 1353 maiores
945 1314 1023 1350 etiã
1023 1314 1218 1350 auditores
1234 1324 1345 1360 quam
1366 1308 1436 1358 ipſi
1436 1308 1545 1358 nunc

501 1360 588 1402 eſtis
600 1362 646 1399 ad
658 1363 931 1410 percipiendum
944 1362 1105 1411 requirit.
1105 1362 1193 1411 Hoc
1205 1360 1330 1398 ſolum
1330 1360 1420 1398 cum
1435 1362 1541 1397 dixe-

499 1422 545 1450 ro
558 1410 637 1449 fatis
651 1411 796 1449 abunde
809 1413 914 1449 uobis
928 1411 1049 1448 dixiſſe
1070 1410 1222 1457 putabo.
1237 1413 1273 1446 Si
1288 1412 1369 1457 quis
1384 1421 1547 1444 omnem

501 1460 587 1508 poſt
601 1471 738 1496 creatos
753 1463 922 1497 homines
934 1460 1155 1496 fœlicitatem
1155 1460 1281 1496 mente
1294 1453 1488 1500 concipiat.
1488 1453 1538 1500 ſi-

501 1507 620 1552 mulq,
633 1518 670 1543 in
684 1518 801 1543 unam
817 1517 988 1554 congerat
1001 1504 1215 1542 uniuerſam.
1232 1515 1276 1537 ne
1289 1513 1440 1548 paruam
1451 1503 1538 1548 qui-

501 1556 591 1593 dem
604 1566 742 1601 parrem
754 1554 897 1590 illorum
921 1555 1058 1601 bonoꝶ
1079 1555 1266 1599 adæquare
1279 1550 1450 1596 cõperiet.
1463 1549 1537 1588 Sed

501 1605 549 1642 ab
561 1603 652 1641 illius
668 1605 749 1640 uitæ
759 1604 862 1639 bono
874 1604 1008 1639 omnia
1008 1604 1171 1639 humana
1181 1598 1282 1635 ſimul
1295 1598 1441 1635 collecta
1454 1609 1537 1637 ma-

502 1656 561 1701 gis
573 1653 705 1701 abeſſe.
705 1653 820 1701 quam
834 1650 1000 1686 umbram
1011 1650 1048 1686 &
1061 1648 1245 1685 ſomnium
1257 1658 1278 1682 a
1292 1649 1385 1683 ueris
1408 1649 1532 1686 rebus.

501 1702 629 1740 Immo
643 1713 730 1739 uero
742 1710 789 1746 ut
789 1710 860 1746 pro
871 1700 981 1745 priori
994 1708 1070 1733 utar
1083 1695 1327 1745 ſmilitudine.
1327 1695 1508 1745 quantum
1523 1696 1536 1733 i

499 1752 609 1786 omni
621 1763 656 1786 re
669 1747 860 1798 precioſior
870 1747 921 1783 eſt
931 1747 1050 1783 anima
1063 1758 1174 1795 quam
1196 1757 1344 1793 corpus.
1358 1757 1454 1784 tanta
1466 1756 1535 1783 utri

504 1797 580 1845 uſq;
592 1811 673 1837 uitæ
684 1796 889 1838 differentia
889 1796 974 1838 eſt.

554 1848 819 1896 Ca.III.priino
830 1847 949 1893 poetis
962 1842 1165 1883 oratoribus
1179 1843 1284 1892 aliiſq;
1305 1843 1494 1891 ſcriptori-

584 1895 663 1947 bus
663 1895 827 1947 probatis
835 1895 962 1939 .deĩde
962 1895 1062 1939 uero
1062 1895 1165 1939 .deĩde uero ſacræ
1176 1894 1365 1945 diſciplinæ
1375 1900 1457 1942 quæ
