1789 2353
280 177 367 229 Ego
379 175 489 227 igitur
497 180 581 224 quæ
588 173 737 222 optima
743 166 813 206 eſſe
825 162 925 204 rebar
937 164 1070 214 partim
1082 153 1187 200 nunc
1187 153 1271 200 uos
1271 153 1327 200 ad

281 226 430 279 monui,
430 226 560 279 partim
574 233 679 260 omni
694 229 776 256 uitæ
787 226 910 264 tẽpore
922 209 1154 251 admonebo.
1154 209 1230 251 Vos
1244 216 1332 244 autẽ

286 287 373 313 cum
389 284 452 311 tria
463 272 530 309 ſint
540 270 759 309 morborum
771 275 901 316 genera
912 263 1053 300 utinam
1064 272 1109 297 ne
1121 270 1193 296 uos
1208 255 1249 295 ci
1249 255 1332 295 ſimi

284 326 338 365 les
352 314 533 373 preſtetis.
533 314 841 373 quod
859 312 926 349 eſt.
926 312 999 349 neu
1015 320 1066 347 ita
1078 317 1198 346 mente
1210 309 1330 354 ægro-

285 377 381 411 tetis
381 377 427 411 ut
444 371 567 421 pleriq;
588 369 717 410 lolent.
717 369 872 410 corpore
893 365 1078 409 ægrotare.
1093 356 1193 394 Ham
1204 356 1252 393 hii
1267 352 1337 401 qui

286 434 398 472 parua
410 421 605 458 ualitudine
616 409 814 465 anguntur.
814 409 879 465 ipſi
891 407 1129 459 ꝓſiciſcuntur
1149 405 1196 442 ad
1207 404 1334 443 medi-

285 484 353 510 cos
361 470 464 519 .Qui
476 480 563 506 uero
576 464 732 516 grauiori
744 459 878 498 morbo
889 457 1078 504 premũtur
1083 455 1143 491 .ad
1154 453 1187 491 ſe
1199 457 1333 490 curan-

286 531 342 558 res
357 518 555 556 accerſunt.
555 518 603 556 At
614 516 664 551 hii
679 521 741 560 qui
754 521 791 546 in
804 507 879 544 atrã
891 506 999 542 bilem
1010 501 1245 542 infanabiliter
1255 500 1334 537 trã-

288 568 399 607 ſiecti
410 566 509 605 ſunt.
509 566 554 605 ne
566 570 752 601 uenientes
777 556 927 605 quidem
952 553 1119 591 medicos
1133 552 1329 598 recipiunt.

291 616 425 655 Quod
436 628 506 653 uos
518 625 595 651 non
608 618 792 658 patiamini
807 607 877 642 nũc
889 603 984 640 recta
994 598 1118 639 cõſilia
1118 598 1333 639 aſpnantes.

691 654 832 693 FINIS.

374 709 590 760 Impreſſum
603 705 857 760 Rhoſthochii,
859 699 980 741 Anno
980 699 1065 741 dñi.
1071 696 1187 737 M.D.
1200 693 1283 735 XV.
