1553 2607
271 146 305 184 2

408 124 737 188 Herrnhuterey
755 122 802 173 in
821 119 940 177 ihrer
945 113 1232 172 Schalkheit

274 246 371 295 dert
388 238 518 301 haͤtte.
561 233 654 293 Die
663 231 873 293 ſaͤmtliche
879 225 1232 293 Zinzendorfiſche
1245 226 1398 291 Secte,

276 309 354 369 hat
377 305 420 356 in
442 307 537 354 dem
555 300 809 360 ſogenanten
819 294 1111 353 Kreutzreich
1121 292 1200 354 (*)
1217 290 1293 352 ſich
1314 297 1400 346 der-

1260 358 1402 413 geſtalt

345 457 417 521 (*)
424 461 537 529 Jch
556 463 663 519 habe
684 471 770 510 von
791 457 937 515 dieſem
958 455 1309 515 Bekentnisbuch
1334 464 1400 513 der

409 521 771 585 Herrnhutischen
792 521 974 575 Sekte,
1006 518 1163 568 bereits
1190 520 1249 568 im
1270 521 1400 580 erſten

409 586 581 646 Theil/
599 586 638 645 ſ.
653 601 724 635 12.
732 584 916 637 Not.**
928 580 1210 640 Erwehnung
1223 584 1399 644 gethan,

410 657 502 702 und
516 646 649 708 dieſen
664 647 887 707 wichtigen
895 644 1103 704 Umſtand
1116 645 1401 705 angemercket,

411 714 501 770 daß
518 715 584 764 die
607 718 752 773 gantze
770 710 991 769 ſogenante
1002 705 1177 767 Kirche,
1210 720 1286 758 vor
1305 714 1402 763 alles

414 765 551 839 ſtehen
575 775 717 832 muß,
750 781 851 825 was
872 774 939 834 ihr
958 769 1254 829 Oberhaupt,
1286 768 1401 834 ſogar

415 851 503 894 von
525 839 659 896 ſeinen
680 835 928 895 beſonderen
948 830 1197 894 ſchaͤdlichen
1210 827 1402 920 Wegen,

414 900 613 966 heillosen
613 900 1045 966 Unternehmungen,
1067 901 1162 957 und
1162 901 1284 957 gantz
1297 889 1399 960 blos-

416 967 620 1029 geſtellten
632 965 886 1024 Argheiten,
917 963 960 1012 in
972 960 1102 1020 dieſes
1113 958 1317 1021 eckelhafte
1324 967 1404 1018 und

416 1032 658 1082 verwirrete
671 1026 938 1086 Klitterbuch
963 1026 1230 1084 einzutragen
1249 1025 1403 1080 beliebet

415 1090 509 1155 hat.
537 1087 639 1146 Sie
653 1083 812 1152 muͤſſen
823 1095 871 1137 es
881 1089 961 1140 mit
971 1091 1127 1143 Mund
1144 1095 1231 1137 und
1241 1087 1403 1150 Hertzen

420 1152 688 1216 beſtaͤtigen,
720 1151 896 1214 bejahen
915 1157 1005 1204 und
1028 1149 1301 1211 verbuͤrgen,
1338 1159 1402 1205 als

418 1220 566 1282 heilige
580 1217 877 1277 Warheiten,
908 1215 1002 1277 und
1002 1215 1274 1277 Bekentniſſe
1290 1213 1404 1277 theils

423 1284 540 1347 ihres
559 1279 981 1342 gemeinſchaftlichen
998 1279 1259 1334 Glaubens,
1288 1282 1404 1338 theils

422 1349 539 1408 ihres
571 1332 864 1405 planmaͤſigen
885 1344 1134 1398 Wandels.
1198 1345 1289 1399 Sie
1308 1343 1403 1400 muͤſ-

424 1405 492 1470 ſen
519 1407 644 1469 falſch
663 1408 856 1470 Zeugnis
876 1415 1030 1461 reden,
1063 1408 1213 1468 luͤgen,
1246 1400 1402 1464 laͤſtern,

424 1477 515 1527 und
539 1468 776 1530 betriegen,
810 1470 851 1529 ſo
871 1467 932 1532 oft
950 1477 1039 1522 und
1072 1470 1116 1527 ſo
1135 1465 1403 1531 unverſchaͤmt

428 1538 501 1587 als
510 1542 551 1585 er
563 1540 612 1584 es
633 1534 770 1593 haben
791 1538 893 1584 will.
953 1530 1231 1595 Dergleichen
1249 1534 1403 1603 blinden

425 1594 690 1658 Gehorſam,
701 1595 805 1652 auch
830 1606 879 1658 zu
898 1592 1101 1657 Suͤnden
1133 1600 1197 1648 die
1216 1600 1275 1648 ein
1292 1597 1399 1656 halb-

426 1658 714 1717 vernuͤnftiger
739 1655 879 1721 Heide
912 1660 1231 1720 verabſcheuet,
1258 1663 1341 1712 und
1357 1643 1403 1725 zu

424 1727 565 1777 einem
587 1717 884 1783 erſtaunlichen
904 1722 1293 1784 Menſchendienſt,
1321 1724 1406 1774 wel-

424 1789 517 1844 cher
528 1787 633 1846 ohne
648 1786 973 1849 vorausgeſetzte
984 1787 1292 1851 Unfehlbarkeit
1301 1787 1402 1836 eines

424 1845 719 1909 Oberhaupts
750 1851 862 1908 nicht
894 1851 1073 1912 gedacht
1115 1856 1279 1905 werden
1307 1848 1402 1900 kan,

425 1915 502 1975 (es
511 1911 633 1971 waͤre
633 1911 756 1971 dann
778 1911 864 1971 daß
879 1909 948 1976 die
948 1909 1290 1976 Kirchenglieder
1313 1915 1403 1972 glei-

422 1976 521 2037 chen
532 1975 668 2031 Sinn
689 1977 769 2028 mit
791 1976 909 2036 ihren
917 1975 1135 2039 Anfuͤhrer
1157 1975 1324 2039 haͤtten)
1342 1964 1405 2026 bis

424 2040 557 2101 daher
577 2041 620 2089 in
632 2037 769 2093 keiner
780 2033 1019 2102 Geſchichte
1028 2033 1347 2105 vorgekommen
1347 2033 1403 2105 iſt.

466 2099 559 2161 Die
571 2102 709 2166 hieher
730 2099 927 2169 gehoͤrige
937 2095 1058 2162 Orte
1075 2112 1164 2160 aus
1179 2080 1404 2168 gedachtem

1269 2165 1406 2227 Buch,
