2826 4003
1264 321 1388 390 0 °
830 453 1081 521 Vorrede
1100 467 1177 519 an
1188 455 1293 521 den
1308 447 1735 538 großguͤnſtigen
1744 453 1901 540 Leſer.

377 586 713 924 J
842 575 954 643 muß
968 571 1058 640 frey
1070 572 1292 630 bekennen
1304 590 1328 626 /
1338 575 1432 643 daß
1448 579 1520 629 ein
1536 573 1642 642 ſolch
1664 578 1986 646 weitlaͤuffiges
2000 573 2158 635 Werck
2176 592 2266 641 von
2286 589 2364 641 der

727 650 1007 699 Oeconomia
1017 658 1069 710 zu
1078 643 1382 713 ſchreiben/ ich
1396 648 1730 703 niemaln/ aber
1740 655 1825 706 wol
1834 663 1914 706 vor
1924 650 2048 717 etlich
2059 657 2151 708 und
2163 662 2361 721 zwanzig

723 719 907 789 Jahren
917 720 986 769 die
999 720 1218 784 Georgica
1228 715 1321 780 auf
1332 720 1423 771 das
1435 719 1630 785 kuͤrtzeste
1641 717 1882 790 Verſweiſe
1894 719 2156 791 aufzuſetzen
2178 726 2360 779 willens

721 788 944 858 geweſen/
962 790 1046 842 wie
1066 788 1131 850 ich
1154 786 1263 841 aber
1284 792 1375 840 das
1387 791 1544 852 letztere
1566 789 1671 844 bald
1687 798 2010 855 geendet/ und
2030 797 2212 857 etlichen
2226 808 2359 862 guten

726 862 957 928 Freunden
971 856 1064 913 und
1064 856 1071 913 und Goͤnnern/ als
1071 856 1403 913 und Goͤnnern/ als
1412 859 1800 926 ſonderlich/ denen
1811 865 2003 934 nunmehr
2003 865 2169 934 beeden
2182 863 2359 935 ſeeligen

346 943 729 1008 Kunſtliebenden
751 937 844 987 und
859 926 1354 996 Ungluͤckſeligen/ wie
1372 932 1484 996 auch
1506 938 1681 988 andern
1705 937 2105 1002 unterſchiedlichen
2116 938 2359 1008 gewieſen/

364 1018 456 1066 und
468 1013 562 1080 ihre
575 1007 822 1068 Meinung
831 1002 1057 1064 verlangt/
1067 1000 1216 1070 haben
1229 998 1286 1067 ſie
1296 1002 1432 1069 ihnen
1444 1013 1568 1068 zwar
1576 1009 1722 1062 meine
1732 1004 1898 1062 Arbeit
1908 1011 2028 1071 nicht
2039 1010 2269 1079 mißfallen
2281 1010 2362 1079 laſ-

361 1083 435 1150 ſen
446 1096 466 1147 /
480 1083 583 1145 doch
595 1080 698 1133 aber
708 1074 848 1142 dieſes
859 1069 1204 1139 beygefuͤgt/ daß
1212 1074 1483 1137 dergleichen
1494 1079 1658 1141 Scripta
1671 1076 1904 1129 Didactica
1915 1076 2047 1145 beſſer
2062 1087 2157 1136 und
2166 1084 2364 1151 anmuthi-

363 1164 437 1220 ger
447 1158 495 1209 in
507 1152 665 1216 freyer/
680 1150 755 1201 als
768 1143 1048 1211 gebundener
1059 1140 1186 1198 Rede
1199 1144 1363 1207 moͤgen
1375 1145 1617 1212 gehandelt
1624 1152 1830 1212 werden;
1855 1148 1943 1215 alſo
1953 1149 2047 1219 daß
2059 1153 2123 1216 ich
2135 1154 2364 1220 nothwen-

364 1231 440 1293 dig
453 1228 497 1273 in
512 1217 633 1275 Proſa
648 1212 1050 1284 Beymerckungen
1062 1211 1312 1283 anhencken
1324 1213 1439 1280 ſolte.
1512 1219 1620 1270 Und
1641 1215 1695 1271 ob
1710 1219 1778 1284 ich
1798 1224 1884 1275 wol
1908 1220 2052 1288 ihrem
2075 1224 2251 1286 Urtheil
2269 1229 2363 1278 und

367 1297 541 1353 Willen
552 1291 668 1352 nicht
677 1284 1176 1354 widerſprochen/ habe
1188 1285 1284 1349 ichs
1305 1290 1408 1346 doch
1420 1298 1475 1352 zu
1495 1285 1748 1356 vollfuͤhren
1767 1292 1855 1346 viel
1868 1290 1998 1361 Jahr
2015 1293 2363 1362 aufgeſchoben/

364 1371 444 1438 biß
458 1369 525 1431 ich
544 1363 693 1427 letzlich
704 1359 815 1423 mich
836 1358 948 1425 ſamt
959 1360 1044 1410 den
1053 1353 1304 1419 Meinigen
1326 1360 1377 1413 in
1398 1362 1467 1413 die
1476 1361 1722 1429 vornehme
1735 1359 2011 1431 Kayſerliche
2029 1362 2146 1435 freye
2164 1363 2363 1435 Reichs-

367 1445 481 1498 ſtadt
489 1431 785 1503 Regenſpurg
795 1427 1127 1493 begeben/ und
1137 1428 1257 1482 allda

850 1522 943 1535 -—
1013 1521 1106 1533 —-
1176 1519 1271 1537 ——
1339 1497 1658 1569 —hoſpita
1674 1500 1808 1574 Muſis

850 1576 955 1618 Otia
967 1608 978 1628 ,
1001 1567 1054 1622 &
1066 1580 1302 1634 exemptum
1320 1575 1430 1618 curis
1443 1573 1719 1637 gravioribus
1736 1594 1903 1625 ævum

369 1653 520 1719 haben
532 1655 625 1707 und
640 1641 850 1713 genieſſen
871 1642 1046 1694 koͤnnen
1059 1656 1081 1692 /
1091 1639 1181 1707 alſo
1193 1643 1339 1695 indem
1347 1641 1415 1706 ich
1427 1646 1496 1695 die
1506 1648 1660 1709 vorige
1670 1652 1821 1710 gantze
1829 1646 1933 1718 Zeit
1945 1646 2259 1717 uͤber/ allerley
2267 1658 2365 1705 vor-

370 1730 527 1792 nehme
540 1734 616 1791 zur
628 1711 942 1784 Wirthſchafft
957 1711 1167 1779 gehoͤrige
1178 1709 1402 1775 Sachen/
1417 1712 1556 1780 theils
1580 1722 1673 1770 aus
1691 1727 1833 1780 guten
1847 1718 2112 1790 bewaͤhrten
2133 1721 2370 1790 allerhand

372 1797 623 1863 Sprachen
639 1783 1021 1851 Authoren/ theils
1030 1787 1113 1837 mit
1124 1780 1357 1851 Beyhuͤlff
1357 1780 1548 1851 anderer
1557 1795 1688 1850 guter
1696 1786 1903 1853 Freunde/
1913 1793 2067 1858 nicht
2087 1796 2236 1856 wenig
2255 1792 2371 1857 auch

372 1877 465 1924 aus
476 1874 622 1932 eigner
636 1856 971 1919 Beobachtung
982 1853 1004 1908 /
1013 1852 1342 1920 Fuͤrmerckung
1355 1861 1449 1910 und
1459 1855 1786 1927 Erfahrenheit
1805 1861 2010 1930 gesam̃let
2018 1880 2040 1918 /
2051 1861 2170 1931 habe
2182 1864 2248 1927 ich
2256 1864 2373 1927 mich

374 1942 539 2005 endlich
552 1929 743 1990 daruͤber
753 1926 1072 1994 gemacht/ und
1083 1924 1225 1992 dieſes
1238 1924 1400 1981 Werck
1410 1932 1457 1976 in
1468 1926 1606 1989 Proſa,
1617 1937 1730 1994 nach
1742 1938 1836 1987 und
1849 1934 1963 1998 nach
1975 1939 2025 1989 in
2037 1937 2110 1987 ein
2118 1947 2235 2003 paar
2247 1933 2374 2003 Jah-

373 2027 480 2069 ren/
494 2009 633 2067 neben
643 2005 782 2058 denen
796 1998 1045 2048 Prodromis
1056 1994 1193 2064 ligato
1207 2002 1433 2059 Sermone,
1448 1997 1711 2067 verfertigen
1725 2013 1750 2068 /
1763 2009 1856 2059 und
1879 2009 1977 2063 dem
1996 2004 2234 2074 guͤnſtigen
2253 2003 2374 2073 Leſer

374 2088 528 2146 hiemit
539 2076 891 2129 communiciren
909 2068 1009 2135 und
1009 2068 1256 2135 mittheilen
1273 2069 1447 2123 wollen.

380 2127 404 2156 '
494 2151 669 2210 Damit
678 2155 786 2200 man
798 2140 907 2195 aber
917 2140 1034 2202 nicht
1045 2138 1305 2204 vorwerffen
1317 2142 1468 2207 moͤge/
1480 2141 1546 2205 ich
1557 2142 1718 2210 handle
1732 2153 1823 2200 von
1846 2150 1923 2199 der
1936 2144 2375 2217 Wirthschafft/ und

374 2227 508 2283 melde
516 2223 633 2285 nicht
645 2236 668 2272 /
678 2221 787 2271 was
798 2212 853 2281 ſie
872 2211 941 2278 ſey
952 2225 971 2265 /
982 2212 1064 2279 hat
1073 2219 1127 2265 es
1137 2212 1248 2275 mich
1257 2210 1465 2277 anfangs
1479 2217 1642 2270 datum
1655 2217 1849 2282 unnoͤtig
1858 2220 2075 2283 gedaucht
2085 2237 2108 2272 /
2119 2224 2221 2275 weil
2234 2227 2287 2274 es
2299 2220 2378 2288 oh-

376 2311 432 2353 ne
446 2297 523 2363 diß
535 2298 607 2346 ein
616 2288 864 2356 Jederman
876 2282 1124 2338 bekanntes
1137 2281 1278 2349 Ding
1289 2285 1342 2351 iſt
1355 2294 1379 2335 /
1392 2285 1483 2353 ohn
1494 2285 1682 2349 welches
1693 2292 1784 2341 das
1804 2287 2080 2358 menſchliche
2090 2288 2236 2348 Leben
2257 2293 2378 2356 nicht

377 2368 573 2432 beſtehen
585 2364 671 2415 kan
684 2374 705 2411 /
716 2360 858 2409 damit
866 2362 924 2405 es
935 2352 1039 2407 aber
1049 2353 1140 2417 auf
1149 2361 1240 2406 das
1252 2356 1449 2419 kuͤrtzeste
1463 2355 1819 2423 geſchehe/ iſt die
1834 2365 2122 2409 Oeconomia
2135 2364 2284 2423 nichts
2295 2375 2379 2416 an-

379 2446 509 2495 ders/
521 2438 598 2492 als
608 2437 698 2486 eine
708 2426 830 2492 weiſe
845 2421 1184 2491 Vorſichtigkeit
1197 2439 1222 2478 /
1234 2427 1329 2477 eine
1345 2423 1786 2493 Hauswirthſchafft
1800 2426 1992 2492 begluͤckt
2012 2431 2278 2497 anzuſtellen
2291 2450 2314 2487 /
2327 2442 2381 2498 zu

379 2513 567 2573 fuͤhren/
576 2509 669 2561 und
677 2512 730 2566 zu
749 2498 949 2566 erhalten
961 2510 977 2548 /
993 2501 1085 2548 und
1098 2499 1211 2548 wird
1223 2493 1307 2563 ſich
1321 2495 1438 2559 nicht
1451 2493 1552 2551 uͤbel
1566 2497 1812 2565 herreimen
1824 2513 1846 2554 /
1861 2506 1969 2554 was
1984 2505 2060 2555 der
2069 2502 2261 2572 gelehrte
2283 2502 2378 2552 Plu-

381 2583 552 2633 tarchus
564 2584 615 2631 in
627 2575 787 2642 ſeinem
798 2567 1046 2635 Gaſtmahl
1059 2572 1134 2620 der
1148 2565 1292 2635 ſieben
1301 2566 1454 2634 weiſen
1466 2566 1694 2632 Griechen
1707 2570 1919 2639 erzehlet/
1940 2574 2034 2641 daß
2057 2576 2135 2627 als
2155 2574 2381 2623 Periander

380 2667 470 2710 von
483 2658 567 2707 den
578 2640 843 2710 andern ſich
858 2637 1213 2703 erfragt/ welche
1226 2636 1666 2706 Hauswirthſchafft
1686 2644 1801 2707 recht
1812 2641 2016 2710 gluͤcklich
2037 2645 2261 2710 zu achten
2274 2644 2343 2712 ſey
2361 2652 2381 2698 ?

382 2725 496 2787 habe
510 2715 684 2777 darauf
699 2712 862 2780 erſtlich
876 2708 1010 2758 Solon
1026 2719 1319 2773 geantwortet
1334 2728 1356 2764 /
1373 2714 1586 2776 diejenige
1596 2712 1664 2778 ſey
1675 2718 1999 2771 es/ worinnen
2018 2718 2112 2771 kein
2123 2716 2305 2781 unrecht
2316 2726 2383 2770 er-

631 2785 737 2841 Gut
754 2795 805 2849 zu
814 2781 970 2851 finden
981 2795 1003 2832 /
1015 2783 1199 2846 welches
1210 2792 1262 2846 zu
1276 2782 1475 2850 erhalten
1486 2782 1584 2838 kein
1594 2782 1887 2854 Mißtrauen
1902 2803 1925 2840 /
1937 2793 2031 2843 und
2040 2785 2383 2856 auszuſpenden

384 2866 503 2926 keine
513 2866 645 2924 Reue
657 2857 768 2920 nach
778 2855 861 2923 ſich
874 2851 1006 2919 ziehe,
1022 2851 1141 2921 Bias
1141 2851 1259 2920 habe
1269 2853 1454 2920 geſagt:
1473 2857 1524 2909 in
1545 2857 1725 2921 welcher
1745 2861 1821 2910 der
1839 2858 2137 2926 Hausvatter
2153 2865 2248 2913 aus
2267 2857 2362 2925 frey

384 2942 593 3004 willigem
605 2926 884 3001 Hertzen ſich
898 2921 985 2988 alſo
995 2924 1169 2992 verhaͤlt
1179 2940 1202 2979 /
1217 2928 1300 2978 wie
1311 2937 1474 2983 er/ von
1488 2925 1642 2992 auſſen
1654 2940 1707 2994 zu
1714 2926 1859 2984 leben/
1872 2932 2004 2995 durch
2025 2935 2093 2985 die
2108 2929 2287 2997 Geſetze
2300 2944 2363 2986 an

384 3028 436 3073 ge
440 3018 553 3070 leitet
564 3008 717 3066 werde.
753 2995 891 3048 Thale
898 3014 914 3042 s
928 2994 1045 3062 habe
1054 2999 1432 3061 vermeint/ wann
1444 3001 1520 3051 der
1531 2997 1825 3066 Hausvatter
1836 3006 1902 3055 die
1910 3003 2118 3072 mehreſte
2128 3000 2231 3072 Zeit
2240 3004 2385 3057 koͤnne

386 3084 546 3144 muͤſſig
563 3083 662 3144 ſeyn
672 3088 692 3125 /
706 3068 883 3130 nemlich
895 3076 965 3119 wo
975 3071 1068 3120 das
1081 3067 1281 3136 Geſinde
1292 3067 1445 3137 fleiſſig
1456 3074 1548 3124 und
1561 3070 1822 3139 arbeitſam/
1833 3073 1915 3142 ſich
1928 3076 2046 3138 nicht
2063 3077 2148 3142 erſt
2158 3075 2291 3136 durch
2300 3076 2387 3128 viel

389 3156 545 3211 Gebot
556 3146 783 3208 antreiben
794 3137 908 3207 laſſe.
946 3137 1192 3188 Cleobulus
1213 3139 1328 3208 habe
1348 3144 1584 3197 vermeldet
1600 3161 1622 3197 /
1637 3143 1740 3212 dieſe
1762 3144 2203 3214 Hauswirthſchafft
2220 3143 2288 3212 ſey
2309 3152 2386 3198 am

389 3227 539 3290 beſten
547 3220 809 3290 beſtellet/ in
819 3208 997 3271 welcher
1009 3211 1136 3279 mehr
1144 3208 1372 3278 ſeyen/ die
1387 3218 1474 3268 den
1488 3212 1789 3279 Hausvatter
1798 3215 1961 3272 lieben/
1973 3219 2053 3272 als
2062 3221 2132 3272 die
2143 3217 2227 3283 ihn
2238 3209 2385 3281 fuͤrch-

389 3303 479 3354 ten.
518 3287 667 3346 Pittaci
680 3281 940 3355 Ausſpruch
954 3289 1053 3335 war
1064 3298 1081 3335 /
1100 3288 1151 3336 in
1164 3284 1344 3348 welcher
1364 3287 1515 3349 nichts
1537 3289 1944 3357 unnothwendiges
1966 3292 2059 3343 und
2072 3273 2384 3355 uͤberflüſſiges

392 3361 703 3432 begehrt/ auch
716 3361 863 3422 nichts
875 3352 1219 3419 nothwendiges
1231 3366 1283 3421 zu
1293 3360 1541 3422 verlangen
1552 3356 1659 3426 ſeye.
1674 3359 1862 3423 Endlich
1876 3357 1990 3429 habe
2003 3358 2173 3423 Chilon
2185 3346 2378 3424 geſchloſ-

391 3437 599 3512 ſen/ dieſe
611 3434 733 3488 waͤre
749 3436 814 3484 die
824 3421 1106 3492 gluͤckſeligſte
1116 3426 1456 3496 Wirthschafft/
1472 3433 1543 3483 die
1554 3429 1733 3499 beſtellet
1747 3431 1815 3500 ſey
1826 3436 1956 3497 gleich
1968 3436 2085 3487 einer
2098 3428 2378 3486 Stadt/ dar-

1662 3540 1697 3581 a
1730 3531 1780 3586 iij

2248 3534 2392 3577 innen
