2790 4041
767 352 1004 422 Sechſtes
1015 354 1198 421 Buch/
1232 357 1451 417 Blumen
1465 384 1484 410 -
1499 357 1709 417 Garten.

2092 374 2236 437 585
297 441 333 474 P.
347 446 555 491 Auguſtinus
567 449 769 483 Mandirola
788 450 913 489 will/ es
929 447 1024 497 ſollen
1036 458 1069 488 in
1078 445 1218 492 Gaͤrten

221 483 313 537 zween
321 488 418 543 Plaͤtz
429 495 645 544 abgeſondert
656 496 747 545 ſeyn/
759 498 907 548 ein gantz
917 499 1039 546 freyer/
1047 508 1152 547 gegen
1162 502 1219 540 der

220 531 361 580 Sonnen
371 553 383 582 /
398 553 454 582 um
466 546 498 585 in
509 542 815 597 Fruͤhlings-Zeiten
828 553 878 588 die
897 549 930 587 in
938 547 1134 597 Geſchirren
1147 551 1216 589 und

220 582 359 629 irrdenen
375 588 539 644 Gefaͤſſen
557 596 701 647 ſtehende
713 593 900 647 Gewaͤchſe
917 601 1032 638 darein
1047 608 1084 647 zu
1100 597 1192 647 ſetzen
1201 609 1217 641 /

292 636 374 684 deſto
395 633 492 690 beſſer
506 640 562 693 fuͤr
579 647 635 685 der
664 645 850 696 ſchaurigen
868 648 955 695 Lufft
973 657 1008 696 zu
1027 646 1216 696 bewahren.

221 679 294 722 Der
303 692 423 732 andere
430 693 527 743 Platz
537 693 590 743 ſoll
600 694 762 744 ſchatticht
769 696 842 746 ſeyn
859 709 875 738 /
884 707 940 737 um
952 698 1003 737 die
1010 694 1215 748 Gewaͤchſe/

273 732 383 785 heiſſen
393 740 573 785 Sommer
588 745 721 793 daſelbſt
731 756 767 793 zu
777 749 944 793 erhalten/
966 750 1034 786 und
1050 744 1104 793 fuͤr
1116 744 1214 789 uͤber-

219 778 341 829 fluͤſſiger
350 790 599 844 Sonnen-Hitz
609 796 694 846 deſto
704 792 855 845 fuͤglicher
866 808 901 845 zu
910 797 1100 844 verſichern.
1148 799 1212 847 Jſt

218 830 288 869 aber
298 843 407 880 etwan
426 845 480 882 ein
494 844 590 886 Ort/
604 850 658 886 der
671 855 760 894 zwar
773 845 975 894 gelegenſam
989 845 1077 893 (wie
1088 849 1210 895 gemel-

221 878 289 928 det)
310 882 487 936 laͤge/ aber
505 895 609 943 nichts
628 898 808 944 taugliches
831 900 907 937 oder
924 903 1022 943 gutes
1040 908 1057 937 /
1074 898 1211 944 ſondern

220 930 314 971 etwan
326 943 477 989 moraſtig
488 938 605 985 waͤre/
623 946 660 995 iſt
675 947 849 994 derſelbige
869 945 989 996 erſtlich
1001 948 1062 986 mit
1072 946 1209 990 Sand/

221 978 320 1023 Stein
337 993 405 1029 und
426 993 541 1040 grober
560 994 698 1038 Erden/
719 997 787 1035 und
805 995 933 1044 darauf
946 994 1213 1046 Knie-tieff mit

219 1029 341 1081 ziemlich
351 1047 444 1085 guter
456 1043 522 1083 und
531 1043 788 1095 mittelmaͤſſiger
797 1045 964 1096 Feld-und
975 1047 1213 1091 Acker-Erden

218 1078 249 1117 zu
260 1079 402 1134 erfuͤllen/
416 1094 493 1136 oder
504 1103 608 1137 wann
618 1105 650 1138 er
660 1094 849 1146 ſteinichtes/
860 1094 1213 1147 ſandichtes/ laimich-

1244 457 1300 489 tes
1318 454 1387 491 und
1408 452 1659 500 unfruchtbares
1673 453 1836 504 Erdreich
1857 453 1976 505 haͤtte/
2006 462 2070 501 kan
2088 473 2173 504 man
2192 467 2256 509 den

1242 500 1345 550 Platz
1357 502 1542 552 Knie-tieff
1550 499 1735 551 beſchuͤtten
1748 506 1811 546 mit
1824 513 1916 554 guter
1935 508 2038 552 Acker
2055 514 2255 558 oder Wie-

1244 551 1454 598 ſen-Erden/
1466 553 1497 591 in
1506 554 1568 591 den
1580 553 1688 603 Form
1697 553 1896 605 abhaͤngicht
1904 560 1985 598 oder
1996 559 2091 600 eben/
2103 563 2164 603 wie
2175 575 2256 607 man

1246 603 1300 645 ihn
1309 600 1416 649 haben
1423 603 1491 642 will
1499 611 1513 642 /
1527 605 1604 651 doch
1614 604 1680 653 daß
1690 606 1741 645 die
1749 605 1865 648 Erden
1871 608 2060 656 vorher wol
2076 613 2254 661 durchgra-

1243 650 1328 691 ben/
1349 658 1414 690 von
1427 655 1513 691 allen
1522 650 1690 702 Wurtzen
1709 666 1726 695 /
1744 656 1899 701 Steinen
1920 660 1992 698 und
2014 660 2162 702 Unkraut
2187 663 2259 713 auf

1244 703 1309 741 das
1326 702 1574 751 allergenaueſte
1592 705 1766 753 gereiniget
1789 705 1839 754 ſey
1851 715 1872 746 /
1905 710 1971 747 und
1984 707 2103 758 ſolches
2128 712 2181 756 ſoll
2204 714 2251 753 im

1241 751 1372 800 Herbſt
1386 749 1557 798 geſchehen
1568 763 1581 791 /
1598 754 1710 793 damit
1727 757 1784 795 der
1792 755 1920 799 Grund
1935 765 2002 796 von
2017 760 2072 799 der
2082 760 2251 804 Winter-

1240 800 1391 848 feuchten
1402 800 1473 850 und
1473 800 1617 850 Gefrier
1617 800 1803 850 gemildert
1814 806 1881 845 und
1893 806 2177 859 befeuchtet/ deſto
2193 812 2250 852 be-

1243 859 1374 898 quemer
1396 849 1531 890 komme
1544 859 1568 890 /
1601 850 1634 899 ſo
1657 852 1722 893 kan
1750 854 1817 903 auf
1832 854 2004 904 folgenden
2031 854 2175 910 Fruͤhling
2200 864 2250 904 die

1241 899 1466 948 Austheilung
1481 898 1569 949 deſto
1579 899 1684 951 beſſer
1693 912 1741 943 an
1758 904 1811 944 die
1817 904 1939 954 Hand
1950 918 2145 955 genommen
2163 922 2249 952 wer-

1243 952 1320 990 den.
1366 949 1455 991 Vor
1470 951 1554 988 allen
1563 950 1598 996 iſt
1609 952 1691 998 auch
1699 954 1800 999 dahin
1808 964 1845 1001 zu
1858 955 1948 1002 ſehen
1958 969 1971 997 /
1981 959 2046 1008 daß
2057 959 2124 1000 kein
2133 962 2250 1004 Man-

1242 999 1293 1049 gel
1305 996 1507 1048 an Waſſer
1517 997 1591 1048 ſey/
1614 1003 1757 1050 welches
1766 1008 1862 1043 unter
1878 1006 1930 1044 die
1948 1009 2173 1057 vornehmſten
2184 1012 2249 1055 Ei-

1244 1047 1465 1098 genſchafften
1482 1050 1576 1092 eines
1596 1047 1729 1099 schoͤnen
1749 1053 1818 1094 und
1836 1054 2001 1104 zierlichen
2025 1058 2190 1104 Gartens
2210 1070 2250 1111 zu

1242 1099 1398 1148 rechnen.

1075 1204 1244 1263 CAP.
1306 1205 1372 1260 V.

720 1288 881 1352 Vom
900 1288 1083 1355 Grund
1102 1298 1183 1357 des
1202 1290 1721 1358 Blumen-Gartens.

334 1396 452 1456 WEilen
468 1404 533 1439 von
544 1399 619 1440 dem
631 1399 760 1444 Grund
773 1404 975 1445 im vierdten
987 1402 1057 1456 und
1057 1402 1207 1456 fuͤnfften

354 1446 455 1495 Buch
466 1450 613 1501 allbereit
613 1450 797 1501 Anregung
797 1450 1052 1501 geſchehen/ will
1064 1458 1131 1504 ichs
1144 1458 1206 1495 all-

354 1497 420 1544 hier
439 1499 523 1544 deſto
535 1496 650 1546 kuͤrtzer
663 1502 798 1547 machen
813 1514 825 1542 /
843 1507 908 1542 und
929 1506 1037 1544 indem
1050 1508 1100 1545 die
1111 1506 1205 1547 Kiel-

281 1540 453 1586 Blumen-
463 1542 648 1595 Gewaͤchse
659 1549 938 1598 unterſchiedener
938 1549 1105 1598 Naturen
1117 1565 1133 1594 /
1157 1561 1205 1592 et-

230 1583 279 1633 liche
291 1588 403 1635 fettes/
412 1596 519 1642 etliche
532 1605 668 1645 magers
678 1598 835 1646 Erdreich
848 1603 955 1646 haben
967 1604 1083 1642 wollen
1107 1614 1117 1643 :
1142 1604 1206 1645 Al-

230 1636 291 1686 ſo iſt
305 1651 362 1683 am
371 1645 622 1692 ſicherſten/ des
635 1647 970 1695 Blumen-Gartens
978 1653 1121 1696 Grunde
1142 1643 1207 1701 ſeye

213 1679 451 1745 mittelmaͤſſig;
477 1696 512 1745 iſt
520 1705 558 1737 er
573 1706 635 1744 gar
652 1708 690 1746 zu
704 1699 832 1749 gail/ ſo
851 1702 947 1751 ſetzen
965 1704 1017 1742 die
1028 1702 1208 1751 Pflantzen

213 1719 307 1802 ſtarck
316 1751 351 1789 zu
366 1755 377 1784 /
388 1744 521 1794 machen
539 1748 603 1788 viel
610 1743 754 1792 Blaͤtter
771 1754 840 1791 und
857 1753 963 1802 wenig
971 1753 1154 1799 Blumen/
1178 1750 1210 1801 ſo

214 1773 311 1830 pflegt
311 1777 398 1832 auch
398 1780 475 1834 das
475 1783 661 1840 Kielwerck
676 1801 755 1843 bald
755 1801 920 1843 darinnen
934 1814 971 1850 zu
981 1804 1120 1856 faulen;
1143 1804 1210 1854 Jſt

206 1826 297 1876 aber
297 1833 356 1882 der
368 1843 493 1888 Grund
509 1856 569 1893 gar
578 1855 616 1895 zu
633 1845 712 1889 duͤrr
728 1851 793 1889 und
805 1851 1039 1903 unſaͤfftig/ so
1039 1851 1110 1903 kan
1110 1851 1155 1903 er
1155 1851 1211 1903 die

231 1883 444 1943 Verpflegung
454 1896 532 1940 nach
545 1893 711 1945 Genuͤgen
718 1901 802 1946 nicht
811 1903 944 1951 leiſten;
969 1905 1007 1952 iſt
1015 1905 1111 1950 gleich
1124 1907 1212 1944 einer

216 1919 352 1980 Ammen
365 1954 381 1982 /
403 1946 499 1983 deren
515 1941 646 1992 Bruͤſte
661 1949 847 1994 verfeigen/
868 1957 970 1990 wann
990 1951 1033 1998 ſie
1048 1954 1100 1991 ein
1115 1953 1211 1993 Kind

217 1967 329 2027 ſaͤugen
343 1992 408 2032 und
430 1987 588 2040 ernaͤhren
603 1995 695 2042 ſollen
705 2007 719 2036 /
735 1999 855 2036 darum
864 2004 949 2039 alles
962 2000 1046 2040 klein
1055 2002 1120 2042 und
1134 1998 1213 2044 duͤrr

225 2030 450 2091 werden/ auch
462 2042 585 2092 letztlich
594 2054 657 2093 gar
672 2046 850 2087 verderben
866 2049 961 2098 muß.

289 2096 381 2144 Von
401 2107 477 2146 dem
486 2106 614 2150 Grund
635 2118 674 2156 zu
685 2109 748 2149 den
757 2109 940 2157 Welſchen
947 2105 1120 2156 Baͤu[me]n
1130 2110 1215 2163 ſingt

209 2122 466 2192 Joh. Jovianus
466 2136 649 2194 Pontanus
662 2160 923 2204 Neapolitanus
942 2162 1034 2200 lib.1.
1046 2161 1214 2209 Heſperi-

226 2182 294 2250 dum
294 2182 393 2250 alſo:

304 2276 353 2288 —
371 2265 494 2302 Putres
511 2266 639 2315 glebæ,
644 2261 794 2317 quæquè
816 2277 955 2318 æquora
977 2270 1094 2309 raſtris

305 2309 420 2350 Molle
434 2314 578 2362 ſonent,
602 2317 757 2357 fluidum
757 2317 868 2357 facilè
885 2320 1078 2361 admiſſura
1090 2324 1212 2373 liquo-

649 2380 738 2409 rem,

307 2405 388 2451 Nec
388 2405 482 2451 mihi
500 2414 680 2465 diſpliceat
699 2416 862 2457 ſalcbroſi
876 2421 993 2469 glarea
1005 2423 1114 2465 ruris,

309 2455 469 2513 Quæquè
489 2465 568 2504 ſolo
568 2465 667 2504 tenui
683 2469 831 2515 graciles
846 2471 1005 2507 imitatur
1016 2481 1139 2507 arenas
1153 2483 1162 2507 :

308 2507 465 2551 Si modò
477 2514 565 2564 ſæpe
580 2516 670 2567 fimo
670 2516 858 2567 ſpargas, ſi
875 2523 1025 2570 pronior
1037 2522 1130 2558 unda

309 2555 430 2600 Diluat
447 2564 517 2614 ipſa
539 2565 664 2615 ſuper,
682 2567 855 2619 lætusquè
855 2567 999 2619 inſtillet
1012 2571 1056 2609 ut
1056 2571 1189 2609 lmber.

290 2609 378 2657 Viel
391 2620 461 2668 ſind
473 2623 531 2672 der
531 2623 719 2672 Meynung
730 2636 747 2665 /
762 2626 811 2667 die
820 2626 901 2677 beſte
910 2627 1025 2671 Erden
1034 2629 1165 2676 ſey/ die
1179 2632 1213 2670 in

219 2637 313 2699 einem
325 2665 636 2718 Kuchen-Garten
652 2674 748 2721 ſchon
766 2677 929 2726 ein Jahr
944 2684 1101 2727 getragen
1113 2690 1127 2721 /
1148 2682 1214 2733 daß

221 2692 292 2744 man
307 2717 370 2756 mit
387 2720 581 2768 derſelbigen
605 2725 665 2762 den
681 2723 1012 2772 Blumen-Garten
1032 2727 1214 2777 beschuͤtte/

219 2740 367 2806 darinnen
375 2769 425 2811 die
435 2771 569 2820 Dunge
583 2769 674 2820 ſchon
686 2772 748 2821 ſich
759 2778 820 2815 mit
834 2778 907 2818 dem
920 2778 1068 2823 Grunde
1078 2785 1217 2823 vereini-

216 2793 268 2846 get
277 2809 423 2858 hat/ und
439 2823 537 2861 deren
551 2824 627 2865 rohe
640 2822 707 2863 Art
714 2827 780 2863 und
793 2826 933 2874 ſtarcker
940 2829 1099 2878 Geruch/
1117 2836 1215 2878 durch

212 2891 317 2955 zehret
317 2894 360 2961 iſt
214 2836 504 2920 Gefrier / Regen
517 2872 583 2912 und
593 2871 850 2924 Sonnenſchein
867 2881 1041 2926 gemildert
1059 2883 1126 2923 und
1142 2891 1215 2925 ver-

288 2965 420 3019 Wann
430 2979 480 3021 die
488 2979 582 3025 Erde
589 2989 626 3030 zu
636 2986 693 3028 gut
701 2980 856 3032 iſt/ taugt
863 2984 904 3034 ſie
915 2988 1008 3034 mehr
1015 2986 1080 3029 den
1087 2988 1211 3036 Wur-

214 2996 278 3054 tzen
278 3000 348 3063 und
348 3005 503 3084 Zwibeln
516 3030 767 3080 Beysaͤtze/ als
779 3033 935 3077 Blumen
944 3046 980 3084 zu
993 3038 1116 3091 geben;
1127 3042 1164 3091 iſt
1172 3041 1211 3091 ſie

216 3049 257 3098 zu
257 3053 385 3121 ſchlecht
395 3089 408 3116 /
427 3074 461 3127 ſo
469 3080 566 3120 bleibt
583 3082 667 3121 alles
679 3080 795 3127 ſtecken
805 3094 821 3122 /
834 3085 954 3125 darum
965 3098 981 3125 /
992 3088 1055 3128 wie
1066 3091 1144 3131 oben
1157 3104 1211 3140 ge-

213 3090 368 3176 dacht/ iſt
380 3126 448 3173 hier
468 3134 533 3169 das
545 3132 667 3173 Mittel
675 3140 711 3179 zu
724 3133 882 3179 erwehlen
898 3145 912 3184 ;
938 3137 1038 3183 daher
1049 3149 1131 3181 man
1152 3146 1212 3181 den

223 3141 362 3216 Grunde
359 3168 447 3237 (wie
460 3179 521 3229 bey
521 3179 605 3229 dem
605 3179 757 3229 Feldbau
773 3181 818 3220 im
832 3181 1003 3230 ſiebenden
1016 3187 1123 3238 Buch
1123 3187 1212 3238 wird

214 3194 341 3258 gedacht
341 3209 505 3277 werden)
518 3234 656 3278 vorhero
668 3231 821 3278 probiren
831 3232 911 3274 kan/
919 3236 1028 3276 davon
1042 3243 1208 3278 P. Ferra-

218 3238 279 3297 rius
282 3264 336 3303 lib.
336 3267 445 3309 Florâ
445 3273 516 3313 suâ
516 3277 587 3318 lib.
606 3293 636 3330 1.
636 3293 720 3330 cap.
731 3289 762 3321 6.
773 3282 841 3331 alſo
854 3283 1002 3333 ſchreibet
1022 3296 1033 3328 :
1059 3291 1211 3329 Expreſ-

228 3287 282 3357 ſum
293 3316 453 3368 Parentis
458 3332 671 3380 Exemplum
683 3334 758 3370 Filii
770 3332 859 3369 ſunt.
909 3337 941 3369 Si
955 3339 1080 3383 plantæ
1100 3343 1209 3380 deco-

217 3334 301 3395 |ores
306 3388 317 3409 ,
328 3376 511 3431 exilesquè
523 3382 740 3429 aboriantur,
750 3385 922 3430 macram;
946 3384 972 3424 ſi
983 3389 1210 3439 viridiffimæ,

1240 1401 1412 1456 ſolitoque
1423 1406 1617 1446 folioſiores
1628 1411 1843 1465 luxurient,
1843 1411 2110 1465 præpinguem;
2135 1415 2161 1453 ſi
2172 1428 2250 1454 mo-

1245 1453 1322 1492 dicè
1339 1456 1491 1493 carnoſæ
1506 1484 1518 1500 ,
1545 1455 1740 1510 ſeſſilesquè
1761 1462 1934 1511 aſſurgunt
1947 1490 1963 1510 ,
1988 1476 2251 1517 attemperatam

1243 1503 1468 1553 habilemquè
1488 1507 1632 1544 floribus
1645 1510 1808 1557 Humum
1808 1510 2014 1557 ſignificant.

1319 1551 1403 1598 Alſo
1420 1554 1504 1599 auch
1517 1562 1625 1594 wann
1644 1566 1727 1596 man
1737 1558 1789 1597 die
1801 1557 1916 1600 Erden
1925 1561 1975 1599 im
1985 1561 2136 1612 Waſſer
2146 1572 2236 1614 zerge-

1243 1601 1303 1649 hen
1316 1596 1419 1650 laͤſſet/
1432 1605 1497 1641 und
1508 1608 1546 1642 es
1559 1603 1629 1650 gibt
1637 1605 1698 1644 viel
1708 1605 1897 1653 Schleim/
1907 1610 1964 1656 iſts
1974 1611 2028 1650 ein
2035 1611 2159 1663 fettes;
2183 1616 2255 1661 gibt

1244 1656 1283 1691 es
1292 1652 1399 1698 wenig
1409 1661 1423 1690 /
1436 1652 1494 1701 iſts
1508 1653 1580 1691 eine
1597 1661 1733 1701 magere
1746 1654 1895 1707 Erden;
1920 1662 2022 1705 daher
2033 1665 2114 1710 auch
2125 1664 2176 1703 die
2187 1668 2255 1703 aus

1244 1702 1308 1742 den
1319 1695 1611 1745 Kraut-Gaͤrten
1627 1713 1843 1751 genommene
1857 1707 1951 1751 Erde
1964 1705 2023 1757 fuͤr
2037 1712 2088 1752 die
2095 1712 2257 1755 Blumen

1246 1761 1304 1792 am
1315 1752 1526 1801 taͤuglichſten
1540 1754 1694 1803 gehalten
1712 1756 1809 1798 wird.
1859 1759 1978 1809 Sonſt
1994 1762 2049 1809 hat
2070 1765 2153 1803 alles
2163 1764 2257 1807 Erd-

1246 1803 1330 1850 reich
1358 1803 1629 1854 unterſchiedliche
1647 1805 1757 1851 Bette
1785 1809 1856 1849 und
1872 1809 1981 1859 Lager
2010 1808 2229 1863 aufeinander
2241 1825 2257 1855 /

1248 1854 1317 1893 und
1336 1853 1456 1901 welche
1470 1853 1587 1896 Erden
1607 1854 1689 1896 oben
1708 1859 1765 1904 her
1784 1860 1875 1899 einen
1896 1864 1974 1902 oder
1985 1870 2092 1910 zween
2107 1863 2261 1914 Schuhe

1248 1902 1316 1943 dick
1324 1911 1424 1949 guten
1437 1904 1563 1945 Grund
1572 1906 1647 1950 hat/
1661 1907 1710 1944 die
1719 1907 1757 1955 iſt
1768 1915 1828 1955 gut
1843 1920 1879 1957 zu
1892 1911 1952 1950 den
1963 1912 2187 1960 Gewaͤchſen.

1329 1950 1428 1999 Herr
1450 1951 1560 1999 Peter
1577 1952 1724 1995 Gabriel
1743 1967 1756 1995 /
1779 1952 1903 2006 Fuͤrſtl.
1923 1956 2261 2011 Wuͤrtenbergiſcher

1250 1999 1606 2048 Garten-lnspector
1623 2028 1637 2045 ,
1658 2003 1695 2042 in
1719 2002 1839 2052 ſeinem
1864 2009 2081 2056 allgemeinen
2101 2009 2260 2056 Gaͤrtner

1249 2050 1343 2093 Cap.
1357 2062 1390 2096 3.
1401 2049 1477 2096 ſagt
1492 2058 1504 2089 :
1527 2049 1607 2093 Die
1621 2047 1846 2101 untaͤuglichen
1858 2054 2008 2101 Gruͤnde
2027 2070 2101 2109 zum
2120 2060 2261 2107 Garten

1248 2098 1386 2146 bequem
1406 2108 1443 2147 zu
1456 2099 1609 2150 machen/
1629 2107 1738 2141 wann
1748 2101 1790 2151 ſie
1800 2113 1837 2151 zu
1848 2106 1927 2153 hart
1942 2110 2009 2147 und
2027 2108 2143 2157 ſchwer
2161 2112 2260 2161 ſind/

1252 2147 1333 2197 muß
1346 2157 1427 2187 man
1446 2148 1485 2196 ſie
1496 2148 1641 2188 arbeiten
1654 2152 1719 2190 und
1735 2151 1857 2193 bauen.
1905 2154 2041 2199 Wann
2061 2159 2101 2208 ſie
2114 2171 2151 2209 zu
2171 2162 2262 2209 leicht

1247 2196 1337 2246 ſind/
1346 2191 1542 2248 verhaͤrten;
1557 2196 1590 2247 ſo
1601 2198 1643 2249 ſie
1651 2207 1691 2249 zu
1703 2210 1819 2251 mager
1830 2213 1847 2244 /
1855 2204 2009 2256 dungen;
2023 2206 2057 2255 ſo
2067 2207 2107 2264 ſie
2118 2219 2155 2257 zu
2167 2209 2260 2257 fette/

1253 2257 1369 2296 mager
1380 2249 1512 2288 werden
1525 2249 1655 2300 laſſen;
1680 2252 1712 2299 ſo
1723 2250 1765 2301 ſie
1782 2262 1818 2300 zu
1829 2251 1938 2302 feucht
1949 2265 1964 2294 /
1979 2252 2200 2308 ausdoͤrren;
2227 2260 2259 2305 ſo

1253 2297 1294 2347 ſie
1306 2308 1342 2345 zu
1351 2297 1707 2350 trocken/ befeuchten;
1726 2301 1760 2348 ſo
1773 2302 1815 2350 ſie
1830 2311 1867 2352 zu
1885 2302 2199 2358 kalt/ erwaͤrmen;
2225 2298 2258 2356 ſo

1248 2345 1292 2395 ſie
1309 2356 1345 2394 zu
1355 2355 1465 2386 warm
1475 2358 1487 2385 /
1505 2347 1677 2395 erfriſchen
1697 2357 1711 2398 ;
1737 2354 1877 2400 welches
1891 2356 1954 2394 mit
1966 2355 2042 2406 dem
2042 2355 2135 2406 Miſt
2145 2365 2258 2399 unter-

1253 2395 1444 2443 ſchiedlicher
1456 2394 1586 2442 Thier/
1606 2399 1681 2437 oder
1696 2400 1791 2448 durch
1802 2401 2048 2453 Vermiſchung
2064 2408 2154 2447 eines
2171 2408 2257 2453 Bo-

1251 2446 1335 2484 dens
1342 2444 1406 2482 mit
1416 2443 1492 2484 dem
1509 2444 1638 2484 andern
1657 2447 1827 2498 geſchehen
1844 2450 1920 2493 kan.
1942 2452 2012 2496 Ein
2025 2452 2257 2508 vernuͤnfftiger

1252 2486 1409 2539 Gaͤrtner
1432 2495 1520 2534 weis
1537 2494 1617 2543 auch
1633 2500 1726 2537 unter
1744 2500 1804 2539 den
1821 2499 1975 2551 Zwibeln
1994 2508 2062 2545 und
2073 2507 2258 2553 Wurtzeln

1252 2548 1306 2585 der
1318 2542 1601 2591 Blumen dieſen
1620 2546 1827 2597 Unterſchied
1843 2560 1879 2599 zu
1896 2552 2033 2602 machen
2054 2564 2068 2597 /
2093 2560 2160 2611 daß
2177 2560 2258 2613 dieſe

1252 2595 1302 2635 ein
1315 2592 1414 2641 fettes
1427 2603 1444 2635 /
1463 2603 1532 2642 jene
1541 2595 1622 2635 aber
1639 2598 1691 2638 ein
1707 2600 1834 2640 leichtes
1849 2602 1918 2643 und
1934 2606 2090 2655 geringes
2098 2609 2258 2660 Erdreich

1251 2647 1450 2690 verlangen/
1468 2647 1567 2695 darzu
1585 2647 1668 2693 auch
1684 2649 1743 2704 die
1743 2649 1996 2704 Verneuerung
2017 2657 2168 2702 kommen
2187 2662 2257 2712 ſoll/

1252 2696 1320 2744 daß
1332 2703 1414 2735 man
1426 2697 1488 2735 alle
1495 2702 1562 2736 vier
1573 2696 1672 2746 Jahr
1680 2700 1730 2739 die
1737 2699 1854 2745 Erden
1865 2713 1929 2745 aus
1938 2706 2042 2753 jedem
2053 2709 2163 2755 Bette
2172 2723 2257 2755 einer

1250 2744 1433 2793 Spannen
1451 2744 1524 2795 tieff
1532 2747 1655 2795 heraus
1665 2751 1790 2792 nimmt
1796 2762 1811 2794 /
1822 2755 1889 2794 und
1901 2753 2036 2807 friſchen
2036 2753 2163 2807 Grund
2174 2764 2256 2806 wie-

1252 2798 1307 2838 der
1320 2796 1428 2844 hinein
1440 2794 1567 2857 schuͤtte.

1331 2844 1417 2892 Der
1424 2843 1490 2897 alte
1490 2843 1678 2897 Hollaͤnder
1678 2843 1849 2897 Emanuel
1858 2855 2031 2894 Swertius
2041 2852 2255 2908 raͤthet/ man

1249 2894 1303 2945 ſoll
1312 2898 1344 2936 in
1353 2901 1401 2936 die
1410 2897 1521 2940 Erden
1531 2900 1597 2937 eine
1603 2900 1762 2947 ziemliche
1772 2901 1914 2944 Gruben
1921 2905 2057 2955 machen
2064 2921 2078 2953 /
2087 2910 2187 2962 ſolche
2187 2910 2257 2962 mit

1249 2954 1342 2994 guten
1350 2942 1641 2995 Kuͤhe-Miſt/ und
1651 2955 1746 2995 guter
1758 2950 1943 3002 ſchwartzen
1959 2956 2075 3002 Erden
2092 2962 2254 3015 anfuͤllen/

1248 2998 1315 3033 und
1328 2998 1576 3036 untereinander
1585 2998 1821 3045 miſchen/ und
1838 3003 1910 3053 alſo
1927 3007 1978 3048 ein
1985 3008 2084 3060 Jahr
2092 3015 2176 3061 ligen
2186 3013 2252 3063 laſ-

1247 3041 1316 3092 ſen/
1326 3043 1387 3091 offt
1396 3044 1473 3084 aber
1481 3047 1731 3088 untereinander
1743 3059 1883 3102 mengen
1895 3067 1911 3097 /
1922 3057 1957 3106 ſo
1971 3062 2078 3101 werde
2092 3072 2173 3104 man
2189 3071 2253 3111 gu-

1247 3101 1299 3133 ten
1312 3095 1438 3137 Grund
1447 3094 1662 3147 bekommen;
1685 3096 1717 3147 ſo
1727 3103 1956 3157 zweifelsohne
1974 3111 2065 3157 nicht
2065 3111 2152 3157 vom
2152 3111 2252 3157 Kiel-

1242 3142 1347 3184 werck
1361 3146 1499 3184 ſondern
1510 3146 1569 3184 den
1579 3144 1867 3204 Zaſergewaͤchſen
1874 3167 1911 3205 zu
1922 3159 2093 3207 verſtehen.

1328 3192 1431 3242 Jtem
1440 3203 1456 3236 /
1466 3203 1549 3235 man
1562 3193 1614 3242 ſoll
1625 3192 1791 3252 geſtoſſene
1806 3207 1873 3246 alte
1885 3207 2024 3250 Rinden
2036 3218 2098 3252 von
2108 3211 2250 3260 Eychen/

1247 3244 1365 3290 welche
1378 3246 1429 3283 die
1439 3244 1611 3293 Schuſter
1623 3253 1802 3303 gebraucht
1811 3257 1934 3302 haben/
1944 3259 2013 3308 alſo
2023 3261 2055 3299 in
2070 3261 2139 3302 eine
2151 3261 2248 3304 Gru-

1245 3294 1306 3333 ben
1320 3296 1383 3342 mit
1383 3296 1478 3342 guter
1488 3292 1599 3339 Erden
1613 3301 1808 3351 vermiſchen
1819 3314 1832 3348 /
1852 3307 1911 3357 ein
1911 3307 2010 3357 Jahr
2026 3309 2111 3358 ligen
2128 3310 2248 3358 laſſen/

1244 3345 1385 3391 hernach
1399 3344 1598 3395 durchſieben
1608 3360 1622 3391 /
1639 3350 1693 3400 ſoll
1707 3363 1744 3403 zu
1762 3356 2004 3408 Vermehrung
2020 3361 2076 3401 der
2090 3358 2245 3403 Blumen

1248 3391 1316 3444 ſehr
1324 3394 1392 3436 wol
1403 3396 1529 3441 dienen.

2107 3617 2191 3663 Ca
2208 3635 2244 3665 p.
