2328 3239
830 129 907 176 Ain
921 135 1149 185 newgedicht
1160 133 1269 190 durch
1277 133 1450 189 Johann
1462 137 1731 192 Boͤſchenſtain

860 187 981 234 Kay.
992 189 1112 236 May.
1112 189 1287 236 loblicher
1301 191 1526 242 gedechtnuß
1534 192 1704 246 gefreyter

947 238 1172 290 hebraiſcher
1179 251 1321 292 zungen
1334 243 1413 282 lerer
1420 245 1497 294 auß
1504 255 1653 299 gangen

1024 281 1200 345 Jmthon
1214 294 1361 343 Maria
1361 294 1443 343 zart

701 389 746 442 ¶
746 389 835 442 Got
843 394 940 447 ewig
950 393 1017 444 iſt/
1017 393 1067 444 on
1074 398 1184 437 endes
1192 395 1268 448 friſt
1288 399 1363 448 ſein
1373 400 1495 448 weſen
1495 400 1552 448 on
1568 403 1727 455 zeriſſen/
1727 403 1781 455 vñ
1795 405 1888 452 doch

693 445 849 487 Dabey/
849 445 935 487 was
945 445 1030 501 gott
1030 445 1110 501 ſelb
1119 447 1190 498 ſey/
1190 447 1265 498 das
1276 460 1371 506 mag
1383 452 1471 495 kain
1485 453 1653 508 menſche
1660 457 1813 520 wiſſen/
1813 457 1882 520 got

693 496 797 546 darff
803 494 890 537 kain
900 500 992 548 zeyt/
992 500 1069 548 alls
1075 506 1187 541 ander
1196 502 1289 551 leüt/
1289 502 1378 551 kain
1394 503 1468 561 ſtat
1468 503 1569 561 noch
1569 503 1674 561 auch
1674 503 1767 561 kain
1778 512 1881 560 ſtun-

693 546 752 595 de/
752 546 794 595 zuͦ
801 548 910 596 ſeiner
919 551 1004 599 ſtim
1015 554 1101 592 kain
1120 556 1279 604 munde/
1279 556 1322 604 zuͦ
1336 557 1474 608 ſeinem
1510 561 1604 614 gon/
1604 561 1717 614 Auch
1717 561 1762 614 zuͦ
1783 563 1882 613 ſeim

690 591 793 654 ſton/
793 591 900 654 darff
900 591 938 654 er
947 605 1034 646 kain
1045 601 1133 654 fuͤß/
1133 601 1253 654 alsich
1265 608 1344 659 hon
1355 610 1464 663 muͤß/
1464 610 1525 663 Er
1525 610 1574 663 iſt
1583 615 1678 664 auch
1688 625 1762 669 gar
1771 614 1867 669 lang

694 652 798 698 ſame
817 658 926 714 vnnd
926 658 1087 714 dochnit
1087 658 1189 714 treg/
1189 658 1306 714 dabey
1322 664 1464 722 alweg/
1464 664 1544 722 zich
1544 664 1611 722 tig
1626 669 1746 720 keüſch
1765 667 1823 712 on
1823 667 1885 712 all

693 702 838 754 ſchame

161 797 217 850 ¶
226 807 314 849 Got
325 813 375 850 on
388 802 556 859 anfang/
556 802 593 859 er
603 805 647 855 iſt
655 810 714 849 nit
724 809 829 865 lang/
829 809 890 865 nit
901 812 989 859 kurtz
1001 815 1091 869 groß
1100 817 1183 858 oder
1198 814 1340 864 klaine/
1340 814 1401 864 nit
1401 814 1453 864 da
1466 823 1556 870 noch
1571 821 1668 872 doͤꝛt/
1668 821 1777 872 vnnd
1796 824 1893 875 auch

157 855 220 894 nit
237 858 338 909 hoͤrt/
338 858 401 909 als
412 858 504 910 auff
504 858 566 910 erd
579 860 678 911 ſeind
690 864 746 903 die
756 863 885 913 ſtaine/
888 867 948 905 nit
957 867 1006 907 ler
1017 867 1107 911 noch
1107 867 1198 911 vol/
1198 867 1261 911 nit
1270 871 1330 911 als
1341 875 1404 913 ain
1418 876 1497 916 wol
1518 880 1620 929 Lind
1620 880 1811 929 oderweyß
1828 888 1890 931 ge-

158 904 299 955 ſtalte/
307 896 401 959 auch
413 917 529 954 weder
538 921 635 968 jung
645 914 738 964 noch
748 915 836 960 alte/
845 918 903 956 nit
912 919 975 966 diß
987 919 1080 966 noch
1091 923 1161 960 das
1182 924 1239 960 nit
1248 931 1326 962 mer
1339 926 1428 969 noch
1442 927 1534 976 baß/
1534 927 1597 976 nit
1607 930 1692 981 ſpar
1703 932 1794 980 noch
1815 930 1891 981 fꝛuͤ/

161 946 264 1011 noch
273 957 337 1012 ferꝛ
350 962 444 1006 noch
455 962 537 1017 hie/
537 962 616 1017 vnd
629 965 671 1017 iſt
681 956 772 1018 doch
793 968 955 1022 überale/
955 968 1012 1022 ich
1024 971 1092 1015 bin
1105 973 1258 1021 bericht/
1258 973 1332 1021 das
1343 982 1384 1018 in
1407 977 1450 1019 irꝛ
1471 981 1588 1030 nicht/
1597 983 1682 1025 kain
1693 994 1782 1039 perg
1793 983 1887 1032 noch

163 1013 267 1065 auch
279 1014 365 1057 kain
382 1016 456 1059 tale

169 1115 220 1166 ¶
220 1115 310 1166 Got
310 1115 359 1166 iſt
377 1116 438 1171 nit
438 1116 585 1171 ſchnel/
585 1116 681 1171 auch
697 1123 756 1163 nit
763 1122 914 1170 ſinwel/
914 1122 966 1170 vñ
976 1125 1068 1177 doch
1078 1126 1225 1175 behend
1248 1139 1300 1172 on
1310 1130 1406 1186 eilñ/
1406 1130 1475 1186 got
1475 1130 1525 1186 iſt
1534 1146 1584 1178 on
1593 1139 1758 1192 zwanck/
1758 1139 1823 1192 nit
1823 1139 1880 1192 ſta

163 1167 219 1209 rck
227 1171 288 1214 nit
299 1169 446 1220 kranck/
446 1169 541 1220 richt
552 1168 625 1220 ſich
636 1172 727 1223 auff
727 1172 993 1223 vnderweilen/
993 1172 1074 1223 vnd
1084 1177 1156 1226 hat
1164 1178 1250 1221 kain
1260 1181 1406 1231 haupt/
1406 1181 1471 1231 als
1481 1193 1654 1231 mancher
1663 1192 1792 1246 glabt/
1792 1192 1880 1246 gott

164 1219 209 1270 iſt
219 1217 292 1275 ſich
303 1231 370 1276 gar
375 1221 453 1265 dick
463 1213 622 1275 naigen/
622 1213 718 1275 auch
726 1225 808 1275 vaſt
819 1229 921 1269 nider
929 1236 1112 1283 erzaygen/
1112 1236 1192 1283 vnd
1202 1230 1275 1284 hat
1282 1234 1369 1278 kain
1378 1235 1475 1290 knie/
1475 1235 1535 1290 ich
1547 1242 1651 1289 waiß
1662 1247 1722 1285 nit
1731 1246 1818 1292 wie/
1818 1246 1886 1292 wã

163 1276 243 1317 dert
249 1280 311 1318 der
318 1276 385 1327 her/
397 1276 459 1318 nit
468 1277 561 1326 nach
573 1278 667 1329 noch
677 1277 769 1330 verꝛ/
769 1277 813 1330 jn
822 1286 917 1337 mag
927 1285 1107 1330 niemand
1115 1285 1350 1344 bezwingen/
1350 1285 1412 1344 nit
1418 1290 1491 1345 ſieß
1501 1295 1558 1340 nit
1567 1295 1665 1352 ſaur/
1665 1295 1777 1352 durch
1785 1299 1882 1354 ſtain

165 1332 248 1370 vnd
258 1330 388 1382 maur/
388 1330 434 1382 iſt
445 1331 518 1382 ſein
529 1333 673 1385 gewalt
681 1333 758 1386 auß
767 1334 922 1391 dringen

167 1429 220 1486 ¶
220 1429 311 1486 Got
311 1429 358 1486 iſt
370 1435 430 1492 nit
430 1435 559 1492 blaw/
559 1435 631 1492 nit
631 1435 735 1492 grien
748 1441 838 1487 noch
848 1444 973 1502 graw/
973 1444 1125 1502 vnglick
1125 1444 1177 1502 in
1177 1444 1247 1502 nit
1247 1444 1451 1502 betriebet/
1451 1444 1515 1502 nit
1515 1444 1602 1502 lant
1615 1458 1711 1515 noch
1711 1458 1806 1515 ſtill/
1806 1458 1884 1515 we-

167 1485 238 1538 nig
247 1488 337 1532 noch
348 1488 420 1530 vil/
420 1488 471 1530 on
484 1489 595 1532 muͤde
605 1504 640 1532 er
649 1491 720 1541 ſich
731 1492 839 1540 uͤbet/
839 1492 912 1540 wie
926 1499 1007 1553 zaig
1015 1500 1075 1546 ich
1084 1500 1149 1554 in/
1149 1500 1416 1554 menſchlichem
1425 1507 1504 1559 ſin/
1504 1507 1706 1559 niemandt
1734 1526 1828 1569 mag
1836 1518 1881 1558 in

167 1537 336 1587 erkẽnen/
336 1537 413 1587 ſein
438 1550 577 1583 namen
588 1534 683 1594 auch
696 1548 754 1588 nit
764 1556 902 1595 nẽnen/
902 1556 981 1595 vnd
991 1541 1085 1598 auch
1094 1549 1227 1613 dabey/
1227 1549 1321 1613 aller
1321 1549 1483 1613 taylung
1496 1559 1588 1613 frey/
1588 1559 1665 1613 nitt
1676 1578 1777 1615 zwen
1787 1569 1881 1615 noch

169 1579 269 1641 drey/
269 1579 365 1641 noch
383 1598 469 1632 was
479 1600 513 1632 er
523 1593 600 1644 ſey/
600 1593 672 1644 das
682 1608 775 1654 mag
785 1601 869 1643 kain
881 1615 979 1659 zung
991 1603 1259 1658 außſprechen/
1259 1603 1336 1658 wer
1345 1612 1466 1664 pricht
1466 1612 1543 1664 ſein
1552 1618 1681 1675 gebot/
1681 1618 1748 1675 ſag
1758 1618 1817 1673 ich
1826 1626 1877 1663 on

168 1639 273 1689 ſpot/
273 1639 328 1689 an
340 1647 424 1686 dem
438 1655 525 1687 wirt
535 1646 605 1698 ſich
611 1659 675 1704 got
688 1653 828 1703 rechen.

167 1738 221 1798 ¶
221 1738 336 1798 Noch
356 1750 396 1799 iſt
409 1752 545 1809 berait/
545 1752 682 1809 goͤtlich
692 1755 987 1813 driuälttigkayt/
987 1755 1065 1813 vnd
1073 1760 1116 1814 iſt
1125 1764 1212 1811 doch
1225 1770 1304 1807 nun
1316 1767 1382 1809 ain
1392 1766 1529 1819 weſen/
1529 1766 1603 1819 Hie
1612 1769 1678 1827 laß
1678 1769 1764 1827 ichs
1780 1776 1879 1826 ſton/

171 1800 234 1849 nit
234 1800 390 1849 weytter
390 1800 436 1849 zu
450 1809 541 1855 gon/
541 1809 620 1855 alſo
632 1810 708 1858 hab
723 1814 776 1852 ich
787 1814 949 1863 geleßen/
949 1814 991 1863 es
1002 1817 1078 1856 wer
1078 1817 1180 1856 vmb
1199 1815 1311 1869 ſunſt,
1321 1823 1390 1862 das
1401 1818 1458 1873 ich
1470 1826 1540 1880 mit
1540 1826 1666 1880 kunst/
1666 1826 1722 1880 ſol
1722 1826 1779 1880 ich
1791 1819 1877 1881 ſach

165 1847 259 1893 woͤlt
271 1852 349 1908 auß
349 1852 530 1908 grinden/
530 1852 600 1908 das
612 1861 696 1901 kain
709 1864 853 1912 menſch
864 1878 902 1911 ye
915 1866 1035 1916 mocht
1046 1866 1190 1916 finden/
1190 1866 1277 1916 kain
1290 1873 1391 1923 weyß
1401 1877 1496 1926 noch
1508 1877 1635 1932 gſtalt/
1635 1877 1740 1932 ward
1752 1886 1810 1924 nie
1818 1889 1878 1937 ge-

167 1904 282 1950 malt/
288 1907 360 1947 wie
374 1910 443 1959 got
443 1910 506 1959 der
513 1908 592 1963 her/
592 1908 759 1963 geſtaltet
768 1918 855 1959 wer/
855 1918 944 1959 kain
956 1920 1037 1967 farb
1046 1930 1139 1974 mag
1148 1921 1188 1964 in
1200 1923 1276 1976 auß
1294 1924 1447 1979 weyſen/
1447 1924 1541 1979 kain
1549 1929 1645 1982 holtz
1656 1934 1748 1987 noch
1759 1935 1876 1986 ſtain/

169 1955 264 2007 noch
274 1959 370 2000 laim
383 1959 478 2008 noch
489 1960 597 2018 bain/
597 1960 691 2018 gold
704 1965 811 2018 silber
811 1965 907 2018 noch
918 1974 1001 2014 kain
1014 1975 1124 2024 eyßen

236 2059 325 2115 Got
325 2059 549 2115 vngenant/
549 2059 636 2115 auch
647 2066 855 2118 vnbekant/
855 2066 954 2118 allen
966 2075 1194 2128 geschoͤpften
1204 2076 1283 2130 iſte/
1283 2076 1374 2130 ſoltt
1382 2083 1481 2128 mein
1491 2084 1632 2139 verſtan
1651 2094 1877 2145 gotdarvmb

162 2113 245 2156 ian/
245 2113 322 2156 das
331 2124 405 2149 wer
411 2127 477 2156 ain
485 2129 586 2171 arger
594 2123 689 2173 liſte/
689 2123 746 2173 ich
755 2138 830 2167 wer
845 2130 936 2168 auch
946 2130 1034 2170 tab /
1034 2130 1108 2170 dañ
1117 2131 1245 2169 rechter
1249 2134 1358 2183 gelab
1376 2134 1460 2190 ſagt
1467 2148 1543 2182 von
1555 2147 1681 2185 macht
1690 2146 1884 2199 weyßhayt

164 2159 272 2209 guͤte/
272 2159 348 2209 vnd
361 2171 432 2202 wie
442 2176 518 2206 vns
529 2179 612 2220 gott
623 2175 754 2223 behuͤte
772 2180 864 2221 auch
878 2179 988 2226 ſeiner
996 2180 1091 2218 milt
1104 2181 1305 2246 niemandt
1305 2181 1447 2246 engilt/
1447 2181 1567 2246 gieng
1577 2189 1634 2246 ich
1642 2200 1716 2240 das
1724 2196 1789 2249 jrꝛ/
1789 2196 1875 2249 was

164 2204 258 2257 ſolte
269 2215 364 2263 mir/
364 2215 465 2263 meln
476 2216 602 2269 ſpeher
610 2223 668 2273 liſt
683 2237 721 2273 zuͤ
732 2229 932 2278 prauchen/
932 2229 1093 2278 darumb
1093 2229 1152 2278 all
1162 2234 1230 2284 die,
1242 2245 1320 2277 vns
1329 2234 1412 2290 jrꝛẽt
1421 2240 1499 2296 hie/
1499 2240 1662 2296 muͤßent
1674 2252 1716 2294 in
1726 2253 1876 2301 kunſten

166 2260 355 2313 ſtrauchen

169 2366 214 2418 ¶
222 2373 305 2416 Got
314 2365 424 2431 klarer
424 2365 566 2431 ſchein/
566 2365 626 2431 hie
636 2373 701 2429 laß
709 2378 788 2432 ichs
797 2379 891 2438 ſein/
891 2379 977 2438 dein
985 2392 1145 2447 gothayt
1152 2395 1360 2443 vnberuͤret/
1360 2395 1420 2443 ker
1428 2406 1528 2448 mein
1539 2407 1654 2463 begir/
1654 2407 1797 2463 allaĩzuͤ
1807 2416 1880 2458 dir/

170 2422 230 2462 als
240 2425 355 2481 künig
366 2433 479 2471 dauid
490 2435 691 2493 probieret/
691 2435 752 2493 der
752 2435 892 2493 ſpricht
901 2448 979 2494 vns
979 2448 1039 2494 zü/
1039 2448 1116 2494 das
1125 2455 1223 2490 ware
1238 2451 1300 2496 ruͤ/
1300 2451 1403 2496 alain
1414 2457 1456 2496 in
1466 2469 1534 2508 got
1543 2449 1644 2512 werd
1644 2449 1775 2512 fondẽ/
1775 2449 1875 2512 nach

169 2474 283 2524 diſem
294 2481 381 2524 elled
389 2486 426 2530 zũ
437 2484 603 2546 ſtunden/
603 2484 643 2546 er
643 2484 774 2546 zayget
783 2500 872 2541 das/
872 2500 932 2541 der
940 2498 1034 2539 recht
1042 2511 1124 2553 weg
1134 2506 1240 2547 was/
1251 2507 1320 2545 das
1331 2507 1401 2548 wir
1401 2507 1455 2548 on
1464 2509 1607 2558 ſchuld/
1607 2509 1649 2558 in
1660 2521 1722 2570 der
1722 2521 1876 2570 geduldt

168 2526 278 2576 vnſer
289 2531 332 2578 ſel
344 2533 403 2584 hie
413 2534 582 2585 beſitzen/
582 2534 666 2585 was
677 2543 788 2600 hilfft
788 2543 866 2600 das
866 2543 987 2600 funft/
987 2543 1058 2600 wir
1054 2543 1119 2600 on
1119 2543 1181 2600 die
1191 2553 1308 2616 kunft/
1308 2553 1420 2616 vnſer
1420 2553 1671 2616 vernunfftſer
1680 2569 1827 2620 ſpitzen-

173 2626 226 2687 ¶
226 2626 300 2687 Her
300 2626 371 2687 got
381 2639 435 2679 ich
446 2641 516 2689 pit/
516 2641 649 2689 verlaß
657 2647 754 2686 mich
766 2650 833 2698 nit/
833 2650 902 2698 laß
912 2653 1010 2702 mich
1020 2656 1104 2696 dein
1115 2656 1239 2709 diener
1239 2656 1383 2709 bleybẽ/
1383 2656 1501 2709 allain
1511 2666 1552 2710 in
1560 2670 1657 2717 dich/
1657 2670 1729 2717 bin
1739 2674 1869 2728 hoffen

168 2682 242 2725 ich/
242 2682 328 2725 dein
341 2685 438 2737 hiff
438 2685 515 2737 von
532 2696 608 2745 mir
608 2696 677 2745 nit
677 2696 835 2745 ſcheibe/
835 2696 911 2745 dan
925 2706 1010 2746 kain
1024 2708 1109 2759 troſt
1123 2710 1166 2760 iſt
1186 2716 1249 2752 wa
1259 2714 1344 2769 dein
1344 2714 1445 2769 hilff
1445 2714 1506 2769 nit
1516 2720 1575 2767 iſt/
1575 2720 1621 2767 in
1635 2725 1759 2775 himel
1759 2725 1870 2775 vnnd

167 2734 257 2784 auff
265 2741 388 2781 erden/
388 2741 476 2781 kain
489 2747 633 2797 menſch
646 2748 742 2804 ſalig
752 2761 844 2807 mag
854 2760 995 2797 werden
1017 2766 1066 2800 on
1078 2765 1161 2803 dein
1168 2768 1292 2815 gnad/
1292 2768 1376 2815 wirt
1382 2768 1510 2813 kaines
1521 2777 1627 2828 rath/
1627 2777 1660 2828 ſo
1673 2779 1762 2828 ſend
1762 2779 1870 2828 vnns

162 2789 261 2830 trat/
261 2789 344 2830 dein
356 2790 452 2839 hilff
452 2790 533 2839 vnd
544 2811 611 2843 rat
624 2808 702 2847 vnd
713 2806 777 2858 laß
787 2817 863 2848 vns
875 2809 936 2862 nit
936 2809 1136 2862 verderben
1149 2817 1189 2857 in
1200 2816 1314 2867 diſem
1328 2819 1402 2872 tal/
1402 2819 1478 2872 leid
1490 2830 1561 2869 wir
1567 2831 1657 2884 groß
1664 2835 1772 2885 qual/
1772 2835 1871 2885 mitt

159 2834 254 2871 krieg
262 2846 343 2884 vnd
352 2851 499 2892 großem
504 2849 641 2896 ſterben
