1280 2106
241 48 287 89 16

450 44 664 102 Politiſche
679 41 1025 104 Unterweiſungen

243 151 333 191 alles
345 143 445 196 Gute
454 145 508 186 ein
528 141 709 190 Intereſſe
725 142 903 198 formire/
903 142 1011 198 muͤſſe
1026 157 1113 188 man
1124 147 1226 196 noth-

244 202 385 253 wendig
397 202 457 243 des
469 197 648 244 Intereſſe
648 197 787 244 halben
787 197 908 244 etwas
920 202 1019 251 thun/
1019 202 1124 251 wenn
1138 210 1224 244 man

245 256 468 309 nothwendig
480 252 604 301 Gutes
615 252 700 305 thun
710 249 832 309 muͤſſe;
844 258 974 306 dahero
985 258 1054 298 das
1063 254 1226 308 Sprich-

243 311 337 365 wort gekommen:
337 311 576 365 gekommen:
589 299 759 360 Nichts
759 299 909 360 wieder
909 299 1064 360 nichts.
1083 314 1166 358 Do,
1178 321 1222 356 ut

241 367 329 417 des;
351 364 477 411 facio,
477 364 527 411 ut
545 364 690 410 facias.

576 432 672 476 Das
696 434 732 473 2.
747 430 918 487 Capitel

307 487 426 532 Von
426 487 509 532 fuͤnff
518 484 706 529 Maximen/
724 488 827 531 welche
844 487 879 534 zu
879 487 1055 534 Erhaltung
1066 490 1122 527 des

594 528 720 581 Staats
735 533 892 579 gehoͤren.

244 587 369 738 J

374 602 411 635 m
420 590 606 643 Eingange
616 590 728 643 dieſes
728 590 902 643 Capituls
908 594 1005 642 ſaget
1015 593 1073 634 der
1085 596 1229 639 Autor,

374 648 441 690 wie
452 648 504 690 die
515 645 703 702 Politiſche
712 645 884 700 Klugheit
884 645 979 700 nicht
988 648 1091 689 allein
1101 648 1135 690 in
1140 647 1227 693 Ein-

376 703 529 753 richtung
542 704 605 745 des
615 701 799 756 Staats/
799 701 952 756 ſondern
964 702 1050 753 auch
1061 703 1096 744 in
1114 703 1225 755 deſſen

240 760 446 810 Erhaltung
470 753 665 810 bestuͤnde.
665 753 960 810 Dannenhero
974 768 1010 800 er
1026 766 1096 800 von
1114 758 1227 809 dieſen

241 812 369 865 allhier
369 812 555 865 handeln/
579 814 657 866 von
657 814 778 866 deſſen
809 812 1064 864 Wachsthum
1081 815 1166 857 aber
1185 820 1227 858 in

241 870 422 923 folgendes
432 867 590 921 Capitul
590 867 678 921 ſeine
688 869 856 922 Lehrsaͤtze
856 869 1053 922 verſparen
1053 869 1228 922 wollen.

297 924 467 976 Anfangs
480 932 576 966 nun/
592 927 655 976 ehe
662 936 705 967 er
719 936 762 976 zu
773 926 839 968 den
847 923 1047 976 Maximen
1047 923 1230 976 ſchreitet/

245 974 302 1032 die
302 974 348 1032 zu
348 974 559 1032 Erhaltung
559 974 636 1032 des
636 974 801 1032 Staats
801 974 980 1032 gehoͤren/
996 979 1085 1033 ſetzet
1094 991 1130 1023 er
1145 982 1224 1034 erſt-

245 1034 310 1089 lich
310 1034 376 1089 die
376 1034 415 1089 5.
415 1034 755 1089 Veranlaſſungen/
755 1034 824 1089 wie
835 1047 889 1080 ein
900 1033 1034 1085 Staat
1034 1033 1145 1085 koͤnne
1160 1048 1226 1079 un-

242 1094 421 1143 tergehen:
444 1090 641 1142 entweder/
641 1090 753 1142 durch
769 1094 823 1138 die
832 1089 1095 1143 Verachtung/
1095 1089 1234 1143 welche

242 1148 294 1190 die
306 1144 549 1196 Unterthanen
560 1156 669 1196 gegen
684 1147 763 1201 ihre
763 1147 1003 1201 Oberherren
1003 1147 1150 1201 tragen;
1173 1149 1225 1190 in-

242 1204 322 1246 dem
339 1201 384 1254 ſie
395 1199 518 1252 ſelbige
527 1209 566 1249 zu
586 1201 648 1242 der
663 1199 877 1251 Regierung
890 1194 1077 1253 untuͤchtig
1077 1194 1224 1253 halten:

242 1256 351 1300 Oder
374 1252 481 1302 durch
502 1255 569 1295 den
585 1251 699 1303 Haß/
714 1255 767 1297 die
776 1254 819 1307 ſie
828 1257 937 1300 wider
953 1255 1076 1309 ſelbige
1096 1258 1228 1310 hegen/

243 1318 358 1352 wann
374 1307 423 1360 ſie
435 1306 629 1359 laſterhafft
650 1307 771 1357 ſeynd:
815 1310 924 1356 Oder
949 1313 1052 1364 durch
1072 1316 1138 1357 den
1154 1313 1228 1358 Un-

245 1360 451 1416 gehorſam/
466 1364 579 1415 wann
579 1364 628 1415 ſie
636 1363 782 1416 ſpuͤren/
797 1366 878 1419 daß
878 1366 1013 1419 ſelbige
1037 1368 1226 1418 ohnmaͤch-

245 1419 296 1469 tig
309 1418 381 1460 und
392 1415 478 1468 ohne
494 1421 693 1464 Autoritaͤt
703 1419 824 1472 ſeynd:
842 1421 951 1468 Oder
975 1423 1079 1472 durch
1090 1425 1143 1466 die
1152 1422 1227 1467 Un-

247 1472 426 1524 einigkeit/
453 1483 563 1518 wann
581 1476 757 1522 entweder
775 1477 831 1519 die
842 1475 994 1528 Großen
1012 1481 1075 1519 des
1087 1477 1228 1529 Reichs

244 1519 456 1578 Factionen
468 1530 629 1580 machen/
638 1533 720 1574 oder
728 1533 799 1574 das
808 1528 932 1576 Volck
940 1533 1040 1574 einen
1049 1531 1227 1584 Aufſtand

243 1585 356 1627 wider
365 1585 462 1635 ihren
470 1580 621 1639 Fuͤrſten
631 1587 703 1629 und
719 1583 915 1636 Obrigkeit
939 1586 1095 1636 erhebet:
1118 1587 1238 1634 Oder

240 1648 348 1683 wenn
363 1640 494 1692 endlich
508 1642 563 1684 ein
581 1637 712 1686 Staat
728 1640 993 1691 verwegentlich
1012 1642 1109 1686 einen
1118 1644 1230 1697 Krieg

240 1694 415 1748 anhebet/
431 1695 585 1757 dadurch
597 1705 632 1737 er
645 1703 743 1740 unter
753 1696 807 1740 die
816 1696 971 1743 Gewalt
980 1696 1087 1751 ſeines
1099 1698 1230 1755 ſiegen-

238 1751 307 1794 den
325 1746 482 1801 Feindes
502 1747 637 1794 geraͤth.

294 1802 377 1854 Auf
386 1801 474 1852 dieſe
488 1797 572 1854 fuͤnf
583 1799 902 1861 Veranlaſſungen
915 1819 955 1861 zu
965 1808 1062 1853 einen
1073 1805 1230 1856 Staats

239 1856 452 1908 Untergang
460 1854 555 1909 giebt
564 1865 601 1901 er
609 1856 652 1912 zu
655 1849 770 1918 deſſen
776 1860 1032 1919 Vermeidung
1043 1858 1127 1918 fuͤnf
1134 1864 1242 1909 Ma-

1107 1921 1241 1972 ximen.
