1280 2085
281 65 307 94 2

513 52 722 110 Politiſche
743 57 1035 120 Unterweiſung

287 147 417 194 aͤndert
449 154 626 195 werden/
669 159 743 196 und
768 154 828 201 hat
862 165 955 202 man
979 163 1019 208 es
1045 165 1236 215 genennet:

284 207 617 264 Inſtructions
661 203 930 290 politiques
1001 238 1132 293 pour
1167 240 1237 277 un

282 284 703 362 Gentilhomme;
741 290 1011 363 Politiſche
1060 294 1236 356 Unter-

277 362 496 431 weiſung
524 371 620 422 vor
649 367 787 424 einen
812 369 1132 434 Edelmann/
1152 387 1235 428 oder

275 439 353 494 die
373 434 542 506 Kunſt
570 440 662 513 bey
697 437 840 512 Hofe
866 447 1007 521 wohl
1038 446 1232 528 fortzu-

276 510 527 572 kommen:
568 520 649 571 Die
676 524 848 581 Lehrſaͤtze
887 533 1065 578 darinnen
1087 535 1229 593 zeigen/

273 590 346 641 daß
361 595 423 635 der
448 589 589 634 Autor
606 591 643 633 in
662 593 729 635 den
749 589 899 641 Circuln
917 603 980 643 des
997 595 1118 655 Hofes
1134 601 1225 657 nicht

271 650 516 702 unerfahren/
550 652 698 699 ſondern
716 652 840 709 ſelbige
865 658 960 708 wohl
977 660 1225 717 durchgegan-

267 720 366 768 gen/
397 714 485 767 auch
501 713 570 763 daß
588 724 627 758 er
644 714 698 756 die
725 710 905 765 Warheit
929 722 1020 774 nicht
1038 723 1223 783 verhalte;

263 777 305 816 es
320 772 423 818 waͤre
437 773 563 823 dann/
563 773 641 823 daß
658 784 697 815 er
705 777 873 830 zuweilen
884 776 946 832 ſich
955 783 1009 827 die
1025 781 1222 838 natuͤrliche

263 831 489 890 Zuneigung
511 840 588 878 und
606 834 862 886 angebohrnen
888 839 1005 892 Affect
1027 854 1142 900 gegen
1160 845 1220 895 ſei-

263 905 337 938 nen
356 894 483 950 Koͤnig
500 907 541 950 zu
557 894 692 940 kleinen
711 894 1075 959 Ausſchweiffungen
1090 905 1219 952 verlei-

251 961 321 999 ten
337 953 448 1007 lieſſe;
481 957 627 1007 welches
636 958 716 1013 doch
732 964 814 1009 dem
823 959 924 1010 Leſer
942 967 1064 1021 nichts
1076 966 1219 1023 ſchaden

256 1014 354 1066 kan/
388 1018 510 1064 indem
536 1015 626 1067 ohne
651 1015 714 1068 diß
741 1021 992 1081 gewoͤhnlich/
1014 1027 1086 1081 daß
1115 1028 1213 1082 jeder

253 1076 398 1122 Autor
411 1079 619 1135 desjenigen
634 1075 891 1132 Potentaten/
903 1096 1095 1137 worunter
1103 1101 1147 1146 er
1147 1101 1210 1146 ge-

296 1138 458 1195 bohren/
481 1139 571 1183 ſeine
595 1134 806 1190 Actiones
806 1134 875 1190 als
896 1150 950 1191 die
965 1148 1170 1206 allerbeſten

383 1204 457 1247 aus
466 1194 755 1257 eingepflantzter
773 1197 1051 1269 Ehrerbietung

548 1257 859 1324 herausſtreichet.

1087 1834 1184 1884 Das
