1280 2091
518 70 530 94 1

30 275 390 335 Inſtructions
440 284 715 361 politiques
763 303 898 363 pour
954 313 1028 363 un

79 354 422 409 Gentilhomme,
448 373 514 419 ou
532 361 646 410 l’Art
655 364 709 411 de
725 365 882 416 réüſſir
900 370 934 417 à
934 370 984 417 la

294 418 444 465 Cour,
450 424 484 472 à
500 424 624 471 Paris
634 432 744 485 1695.

47 484 329 563 Politiſche
364 493 808 575 Unterweiſungen
834 513 933 565 vor
962 503 1034 563 ei-

79 565 165 617 nen
176 565 458 621 Edelmann/
459 573 560 623 oder
574 579 633 626 die
645 566 789 635 Kunſt
801 580 872 634 bey
882 580 1002 642 Hofe

202 630 326 686 wohl
326 630 389 686 an
408 640 500 686 und
520 631 881 700 fortzukommen.

314 704 462 761 Pariß/
482 711 531 750 im
539 707 640 761 Jahr
650 720 748 768 1695.

62 777 300 1018 D

316 765 428 842 Jeſes
453 776 571 834 Buch
585 780 624 831 iſt
642 781 781 829 bereits
806 792 874 827 vor
890 782 1036 839 einigen

305 825 476 912 Jahren
499 849 611 889 unter
638 853 707 894 den
741 847 882 902 Titul:
919 848 1034 903 l’Art

309 911 386 968 de
399 926 599 986 regner:
639 917 724 972 oder
748 922 823 979 die
843 916 1039 994 Regie-

302 987 691 1063 rungs-Kunſt
709 994 849 1050 heraus
861 1000 1042 1055 gegeben;

59 1079 192 1130 wegen
210 1068 323 1118 ſeiner
341 1064 453 1112 Guͤte
481 1064 568 1110 aber
593 1062 806 1118 nunmehro
826 1083 900 1115 von
921 1079 1042 1113 neuen

57 1129 275 1190 aufgelegt/
306 1133 382 1175 und
401 1124 438 1167 in
461 1124 801 1179 unterſchiedlichen
829 1120 1041 1186 Sprachen

59 1196 249 1246 uͤberſetzet
274 1194 440 1238 worden.
489 1184 580 1232 Und
607 1187 690 1232 weil
725 1186 840 1242 deſſen
874 1184 1048 1246 Jnnhalt

58 1259 158 1309 nicht
179 1251 296 1307 allein
305 1249 384 1302 auff
401 1241 537 1308 groſſer
551 1242 705 1305 Herren
717 1251 805 1308 und
805 1251 1046 1308 Potentaten

64 1321 143 1371 ihre
158 1314 383 1371 Regierung
402 1308 545 1362 weiſet/
574 1312 726 1361 ſondern
739 1322 813 1357 nur
827 1315 1040 1363 deren Ma-

64 1373 218 1442 ximen
218 1373 273 1442 in
273 1373 652 1442 Einrichtung/
652 1373 696 1442 in
719 1374 1053 1448 Erhaltung/

69 1472 149 1517 und
163 1462 202 1525 in
219 1447 586 1521 Befoͤrderung
609 1461 673 1503 des
690 1454 974 1513 Wachsthums
992 1455 1050 1511 ih-

73 1544 138 1589 res
147 1537 305 1587 Staats
322 1542 517 1591 voran/
530 1545 607 1587 und
620 1535 705 1611 zum
718 1521 1049 1597 Fundament

81 1613 289 1669 derjenigen
312 1607 608 1654 Reflexionen
634 1633 767 1685 ſetzet/
803 1602 934 1652 welche
961 1616 1047 1663 zum

77 1670 285 1721 Gebrauch
299 1676 361 1716 des
383 1669 526 1717 Adels/
559 1671 637 1711 und
656 1666 748 1709 aller
763 1665 971 1722 derjenigen
989 1671 1052 1716 be-

77 1739 222 1790 qvemet
239 1736 369 1780 ſeynd/
400 1729 434 1782 ſo
444 1744 507 1779 am
520 1726 618 1782 Hofe
627 1728 687 1778 ihr
698 1724 830 1776 Gluͤck
844 1740 887 1789 zu
900 1734 1054 1785 machen

79 1802 158 1847 und
176 1804 217 1849 zu
236 1793 421 1850 befeſtigen
435 1791 664 1853 gedencken/
694 1792 729 1845 ſo
746 1789 782 1845 iſt
792 1797 854 1845 der
869 1788 1052 1848 Titul ge-

132 1855 311 1921 Januar.
325 1859 436 1916 1696.
631 1843 684 1909 B

920 1849 1058 1912 aͤndert
