1728 2646
1104 364 1145 392 11

112 451 152 490 in
171 452 234 488 den
252 445 571 496 Ephemeridibus
595 441 790 482 ſocietatis
820 436 1151 487 Meteorologicae

116 504 307 556 palatinae
322 514 433 548 1781.
445 498 656 546 umſtaͤndlich
676 495 814 548 erzaͤhlet
830 498 977 535 werden.
1023 492 1154 542 Maxi-

119 560 251 604 milian
270 559 461 610 Theodor,
494 559 550 594 der
572 550 708 601 Pfaͤlzer
725 553 792 590 und
810 552 945 591 Baiern
962 546 1153 598 Churfuͤrſt,

121 620 174 656 ein
200 621 277 655 eben
301 619 333 661 so
359 617 469 663 groſer
495 615 563 651 und
589 605 758 660 gruͤndlich
784 610 941 658 gelehrter
967 605 1157 651 Naturfor-

121 676 223 722 ſcher,
246 675 297 711 als
314 672 422 714 weiſer
438 671 506 707 und
523 678 618 717 guter
634 664 767 713 Regent
783 664 925 707 beſchloß
940 662 1041 709 zuerſt
1060 669 1157 699 unter

120 732 182 767 den
201 724 342 777 Fuͤrſten
364 725 612 771 Deutſchlands
634 722 685 758 die
706 718 978 756 Wetterableiter
994 719 1026 755 in
1052 718 1156 759 ſeinen

122 784 249 822 Landen
273 775 499 829 einzufuͤhren.
568 777 644 820 Auf
664 776 782 818 ſeinem
804 770 974 816 Luſtſchloß
997 771 1157 815 Schwet-

124 842 239 887 zingen
261 839 323 878 ließ
341 847 374 872 er
389 837 450 872 den
467 835 568 879 erſten
577 826 846 870 Wetterableiter
856 828 1005 873 anlegen.
1042 825 1160 864 Kaum

124 906 195 933 war
210 902 246 931 es
265 890 451 941 geſchehen,
471 891 504 934 ſo
520 890 633 926 wurde
651 896 683 922 er
702 884 764 922 mit
782 881 905 922 Bitten
925 882 1026 927 ſeiner
1044 883 1160 919 Unter-

126 952 249 1001 thanen
272 943 474 997 uͤberhaͤuft,
513 952 549 982 es
572 942 734 981 entweder
758 950 796 986 zu
821 938 1044 982 unterlaſſen,
1084 939 1160 973 oder

127 1003 325 1054 wenigſtens
342 1004 400 1048 ſich
421 1002 509 1048 nicht
528 1011 571 1038 an
589 1000 694 1037 einem
715 998 745 1042 so
765 995 987 1045 gefaͤhrlichen
1004 991 1074 1031 Ort
1091 992 1161 1035 auf-

128 1063 291 1110 zuhalten.
350 1058 460 1096 Allein
486 1068 521 1093 er
545 1056 681 1098 mußte,
719 1063 778 1089 um
806 1053 856 1087 die
881 1050 1098 1099 Vorurtheile
1124 1058 1162 1093 zu

126 1117 342 1161 widerlegen,
382 1114 462 1155 dieſe
486 1111 587 1150 Bitte
615 1109 716 1152 ſeiner
740 1107 967 1156 Unterthanen
991 1105 1161 1152 verſagen.

128 1169 179 1206 Er
209 1170 338 1213 wohnte
368 1170 442 1204 dem
476 1162 624 1211 naͤchſten
657 1161 830 1201 Sommer
863 1161 925 1202 auf
952 1160 1070 1201 ſeinem
1100 1159 1162 1194 mit

128 1223 421 1261 Wetterableitern
445 1221 635 1270 verſehenen
656 1217 826 1265 Luſtschloß
846 1216 965 1265 ruhig,
1005 1213 1162 1264 waͤhrend

127 1278 204 1314 dem
232 1278 296 1320 ſein
318 1275 409 1313 Volk
430 1277 486 1319 bey
510 1277 613 1321 jedem
638 1273 771 1309 Wetter
787 1271 943 1316 aͤngſtlich
962 1280 1019 1304 um
1039 1270 1103 1311 ſein
1122 1267 1166 1306 Le-

132 1333 193 1367 ben
219 1332 344 1376 beſorgt
367 1320 463 1365 war.
506 1327 591 1365 Das
610 1329 759 1372 folgende
780 1324 875 1373 Jahr
896 1325 957 1367 ließ
974 1334 1007 1359 er
1025 1325 1103 1370 auch
1122 1334 1166 1359 an

131 1385 249 1426 ſeinem
269 1382 407 1428 Schloß
430 1392 468 1428 zu
490 1381 693 1429 Mannheim
710 1381 804 1418 einen
825 1379 1091 1417 Wetterableiter
1113 1389 1170 1416 an-

132 1439 254 1483 richten
272 1451 281 1476 ;
320 1449 406 1482 zwar
433 1438 520 1485 nicht
544 1447 629 1486 ganz
653 1437 735 1489 ohne
762 1432 1053 1485 Beaͤngſtigung,
1091 1435 1168 1472 aber

131 1496 226 1544 ſchon
240 1494 303 1536 mit
321 1495 484 1550 mehrerer
500 1494 735 1547 Beruhigung
751 1495 808 1532 der
824 1492 1048 1543 Einwohner;
1072 1492 1113 1528 da
1127 1490 1169 1533 ſie

133 1556 278 1601 wuſten,
309 1556 372 1602 daß
397 1556 448 1607 ihr
473 1547 650 1606 Churfuͤrſt
674 1552 790 1589 bereits
809 1551 901 1588 einen
918 1548 1092 1589 Sommer
1111 1558 1169 1586 un-

134 1618 183 1649 ter
204 1614 309 1651 einem
328 1612 596 1650 Wetterableiter
616 1609 710 1655 ſicher
730 1607 924 1657 zugebracht
940 1607 1042 1657 hatte.
1100 1603 1168 1649 Im

134 1670 257 1707 dritten
282 1669 378 1718 Jahr
402 1670 528 1715 fiengen
559 1667 651 1712 ſchon
679 1666 760 1702 viele
788 1663 1072 1707 Privatperſonen
1105 1671 1169 1701 an,

134 1723 188 1762 die
206 1724 475 1772 Wetterſtangen
491 1723 673 1771 aufrichten
691 1731 730 1767 zu
749 1720 871 1765 laſſen,
902 1720 971 1759 und
991 1718 1065 1754 bald
1084 1726 1171 1753 wur-

134 1780 197 1817 den
215 1782 254 1823 ſie
271 1781 452 1828 allgemein.

221 1835 311 1873 Nun
333 1836 384 1877 fiel
408 1833 524 1872 dieſem
547 1831 674 1879 groſem
694 1823 946 1874 Reichsfuͤrſten
967 1827 1046 1872 auch
1066 1827 1172 1878 Chur-

137 1887 273 1927 Baiern
298 1890 396 1934 durch
421 1886 594 1930 Erbſchaft
615 1895 668 1928 zu.
732 1882 856 1931 Daher
883 1882 994 1928 dachte
1018 1894 1051 1919 er
1073 1882 1172 1930 gleich

137 1943 276 1986 darauf,
308 1944 387 1987 auch
408 1943 470 1984 ſein
489 1935 654 1985 Muͤncher
669 1936 807 1983 Schloß
828 1937 894 1973 und
914 1938 976 1974 das
987 1936 1173 1975 Sommer-

138 1997 274 2042 Schloß
282 2008 322 2042 zu
331 1997 622 2045 Nymphenburg,
638 1994 736 2038 durch
746 1991 1014 2031 Wetterableiter
1030 1994 1173 2027 vor dem

137 2050 228 2103 Blitz
238 2064 275 2099 zu
287 2052 493 2100 verwahren.
540 2052 627 2089 Aber
636 2049 706 2101 hier
716 2048 878 2097 geſchahe,
899 2054 970 2085 was
988 2057 1066 2083 man
1077 2048 1173 2083 kaum

137 2107 260 2146 denken
272 2109 371 2153 ſollte.
420 2104 499 2145 Der
508 2103 615 2150 Poͤbel
624 2104 736 2141 wurde
745 2112 810 2141 von
819 2104 876 2140 der
886 2101 1102 2146 Geiſtlichkeit
1114 2113 1173 2137 an-

137 2163 304 2207 geſtiftet,
334 2164 392 2208 ſich
402 2161 518 2204 dieſem
527 2160 771 2210 Unternehmen
786 2170 825 2204 zu
841 2158 1052 2205 widerſetzen.
1117 2155 1172 2196 Es

137 2217 288 2259 entſtund
307 2220 370 2262 alſo
386 2218 437 2254 ein
457 2215 624 2264 Tumult,
656 2215 723 2250 und
739 2215 791 2250 die
808 2212 1078 2249 Wetterableiter
1096 2222 1175 2248 mu-

133 2266 201 2311 ſten
213 2274 389 2309 unter dem
408 2270 542 2318 Schutz
560 2272 617 2307 der
634 2268 773 2312 Waffen
798 2267 1013 2314 aufgerichtet
1033 2268 1173 2303 werden.

1046 2317 1165 2361 Kaum
