1880 2700
891 234 1038 284 Prima
1049 229 1292 295 epiphania

510 314 610 363 actũ.
610 314 679 363 Vel
679 314 727 363 ꝗa
746 309 882 348 fidelius
898 306 984 353 renũ
984 306 1154 353 hitudinẽ
1154 306 1222 353 q̃m
1222 306 1336 353 alioꝶ
1345 302 1503 350 mẽbroꝶ
1511 303 1682 340 denũciat.
1689 301 1763 338 Aut

511 366 635 400 aduriit
646 362 753 412 grece:
753 362 815 412 qd
824 359 842 391 ẽ
851 354 1085 400 demõſtatio:
1085 354 1130 400 ꝗa
1139 348 1374 387 denũctiatiua
1383 352 1432 385 eſt
1432 352 1593 385 interiorũ
1605 350 1762 384 mẽbrorũ

511 411 614 447 Vnde
623 403 662 448 vt
662 403 887 448 certificemur
895 402 938 436 de
958 395 1152 434 iterioribus
1152 395 1247 434 eorũ.
1247 395 1280 434 ſ.
1280 395 1462 434 habitudie
1471 397 1563 431 mala
1572 394 1716 435 vlbona
1716 394 1770 435 cõ

511 454 655 491 ſulimus
664 451 736 492 vrie
743 450 884 485 iudiciũ.
896 448 972 482 Aut
982 457 1026 493 ꝗa
1036 447 1133 482 vrina
1141 445 1228 479 dicit̃
1236 444 1282 478 ab
1292 444 1398 482 vrẽdo
1407 454 1452 489 ꝗa
1461 444 1558 481 vrina
1566 442 1765 477 deſiccatiuã

512 503 559 538 &
566 499 692 542 vritiuã
701 497 802 532 habet
811 492 927 529 naturã
940 489 992 526 ſeu
1002 491 1138 527 virtutẽ.
1138 491 1239 527 Vnde
1250 489 1338 525 valet
1348 488 1358 521 i
1376 489 1577 542 impetigine
1587 489 1632 523 &
1642 487 1767 535 ſerpigi

511 547 573 583 ne.
573 547 615 583 Et
631 547 724 579 cõtra
746 543 897 598 puſtulas
908 538 934 575 ſi
946 538 1025 572 inde
1034 539 1142 585 patiẽs
1152 535 1305 571 membrũ
1318 533 1450 568 abluat̃.
1457 534 1497 570 Et
1505 544 1621 569 contra
1629 533 1731 581 virge
1731 533 1769 581 vl

512 588 701 631 cerationẽ.
701 588 840 631 Contra
850 586 970 636 pannũ
979 587 1058 632 poſt
1067 582 1217 631 partum.
1217 582 1260 631 Et
1269 589 1387 630 potata
1396 577 1588 628 ſpleneticis
1588 577 1734 628 confert.

517 697 587 744 Vt
600 695 656 743 de
666 694 772 741 Iacte
785 692 860 739 ſeri
872 690 912 738 ſe
922 687 1143 751 limpidus
1167 684 1270 749 eliq̃t
1288 684 1465 731 humor.

517 756 596 811 Sic
605 759 747 820 liquor
759 756 881 802 vrine
891 753 947 801 de
960 750 1100 799 maſſa
1122 748 1348 814 ſanguinis
1361 748 1466 792 exit.

1502 627 1545 663 ln
1562 627 1616 660 his
1629 625 1771 662 duobus

1517 671 1665 712 verſibus
1681 681 1767 708 nota

1516 729 1568 754 tur
1583 717 1720 754 ſilitudo
1731 719 1770 753 in

1516 766 1567 804 ter
1567 766 1706 804 vrinam
1723 766 1771 800 &

1518 809 1588 847 ſerũ
1605 821 1640 847 vt
1656 809 1781 865 expreſ

518 871 620 912 ſione
628 869 817 909 ſilitudinis
825 869 867 903 de
876 869 972 909 vrine
980 864 1117 901 eſſentia
1125 856 1322 898 euidentior
1322 856 1371 898 &
1378 857 1497 893 certior
1502 859 1619 907 capiat̃
1633 859 1772 894 doctria

521 914 621 962 Sicut
621 914 679 962 eni
692 918 798 953 ſerum
808 916 849 950 de
859 913 947 949 lacte
956 924 1013 950 per
1022 911 1171 949 groſſarũ
1182 909 1291 946 partiũ
1300 903 1546 944 expreſſionem
1554 906 1700 940 excolat̃.
1714 905 1773 943 Sic

521 972 568 1005 &
577 962 683 1007 vrina
683 962 731 1007 de
731 962 840 1007 maſſa
852 956 1037 1011 ſanguinis
1037 956 1216 1001 eliquatur.

521 1058 773 1127 Sanguinis
795 1057 855 1104 eſt
865 1058 988 1107 vrina
1000 1053 1093 1100 ſerũ
1112 1047 1273 1111 ſubtile
1273 1047 1465 1111 liq̃men.

520 1124 737 1174 Humorũ
747 1136 862 1183 quos
876 1116 1017 1164 cõficit
1027 1129 1098 1160 ars
1108 1117 1291 1178 regitiua
1303 1111 1465 1158 ſecũdi.

522 1187 579 1234 Et
589 1197 794 1246 princeps
806 1182 907 1243 oꝑis
921 1177 1028 1224 dum
1040 1174 1093 1222 fit
1102 1176 1303 1221 cribratio
1328 1187 1467 1218 rerum

521 1247 648 1300 Dum
661 1243 712 1289 fit
723 1241 782 1288 ab
796 1243 935 1303 ĩpuris
947 1252 1058 1299 pure
1069 1236 1295 1282 deſtructio
1307 1234 1462 1293 partis.

1543 1009 1593 1056 In
1593 1009 1652 1056 his
1652 1009 1774 1056 quattu

1514 1067 1555 1091 or
1571 1054 1721 1092 verſibus
1735 1054 1774 1101 ip

1515 1101 1547 1138 ſe
1563 1103 1707 1151 Egidius
1729 1110 1776 1147 ap

1515 1150 1641 1197 probat
1656 1145 1778 1182 diftini

1515 1196 1612 1229 tionẽ
1628 1195 1697 1229 vrie
1714 1204 1777 1239 q̈m

1514 1240 1577 1286 hic
1577 1240 1684 1286 ponit
1700 1238 1780 1275 ſatis

1510 1282 1710 1322 conſonam
1710 1282 1779 1322 eſſe

524 1353 739 1394 diffinitioni
748 1350 846 1389 vrine
854 1346 1001 1396 ſuperius
1011 1343 1056 1381 ab
1066 1337 1168 1391 vſaac
1168 1337 1298 1391 poſite.
1298 1337 1342 1391 Et
1342 1337 1378 1391 ei
1386 1347 1488 1384 quam
1499 1334 1601 1382 ponit
1610 1331 1778 1379 Theophi

526 1405 579 1441 lus
591 1404 628 1436 in
644 1400 709 1437 ſuis
720 1399 830 1444 vrinis
830 1399 899 1444 que
910 1392 992 1430 talis
992 1392 1055 1430 eſt.
1055 1392 1162 1430 Vrina
1172 1387 1222 1425 eſt
1222 1387 1418 1425 colamentũ
1431 1379 1614 1430 ſanguinis
1614 1379 1657 1430 &
1669 1378 1780 1412 alioꝶ

528 1452 678 1486 humorũ
687 1444 905 1481 exactiõibus
915 1448 1028 1474 nature
1038 1435 1137 1473 natũ.
1137 1435 1201 1473 Nõ
1212 1444 1319 1469 teuera
1328 1431 1396 1466 ſerũ
1407 1429 1463 1465 ſed
1473 1425 1569 1476 quaſi
1587 1423 1697 1474 groſſa
1715 1420 1778 1457 ſub

528 1495 661 1532 ſtantia
661 1495 704 1532 de
724 1478 894 1539 ſanguine
894 1478 1066 1539 eliquata:
1066 1478 1163 1539 quos
1163 1478 1306 1539 conficit
1322 1489 1372 1512 ars
1388 1477 1471 1513 ideſt
1480 1484 1580 1514 virtus
1595 1472 1778 1520 digeſtiua:

531 1555 598 1590 que
607 1538 876 1588 quodammodo
884 1532 1035 1570 artificio
1043 1529 1182 1584 operat̃.
1182 1529 1220 1584 Et
1229 1529 1383 1575 princeps
1392 1523 1500 1581 operis
1511 1521 1594 1554 ideſt
1611 1517 1725 1552 ſecũde
1741 1516 1779 1550 di

530 1587 693 1638 geſtiõis:
693 1587 775 1638 dum
786 1582 827 1619 fit
836 1583 881 1616 ab
891 1580 1033 1626 impuris
1043 1574 1212 1611 diſcretio:
1212 1574 1296 1611 ideſt
1306 1567 1521 1616 ſequeſtratio
1533 1565 1574 1600 &
1586 1562 1714 1598 diuiſio
1732 1562 1779 1597 hu

530 1636 647 1681 morũ:
647 1636 714 1681 que
729 1628 793 1666 ꝗ̃ſi
793 1628 949 1666 cribratio
961 1623 1001 1660 fit
1011 1625 1047 1658 in
1057 1613 1167 1670 epate.
1167 1613 1356 1670 Flematica
1356 1613 1471 1670 nanqꝫ
1471 1613 1607 1670 materia
1617 1612 1653 1644 in
1665 1610 1779 1657 primo

529 1691 629 1716 motu
640 1675 697 1721 ſue
697 1675 898 1721 criberatiõis
898 1675 1058 1721 generata
1068 1670 1112 1704 ad
1121 1667 1326 1716 pulmonem
1336 1663 1487 1717 impellit̃
1495 1670 1531 1699 vt
1540 1671 1576 1694 in
1587 1659 1721 1692 flemata
1736 1665 1781 1687 cõ

529 1723 687 1763 uertatur.
687 1723 862 1763 Collerica
870 1730 949 1759 vero
959 1719 1004 1754 ad
1012 1717 1121 1752 ciſtim
1131 1715 1219 1750 fellis
1228 1705 1427 1748 tranſducit̃:
1427 1705 1642 1748 Melancolia
1649 1705 1693 1737 ad
1710 1699 1782 1754 ſple

529 1784 613 1809 nem
623 1772 768 1806 deriuat̃.
775 1766 923 1816 Aquoſa
932 1777 1010 1802 vero
1022 1763 1160 1800 materia
1169 1763 1220 1800 vel
1233 1755 1434 1795 ſubſtantia:
1434 1755 1519 1795 ideſt
1527 1754 1622 1793 vrina
1632 1760 1709 1783 cum
1721 1751 1780 1782 ſan

530 1806 645 1866 guine
645 1806 689 1866 vt
689 1806 789 1866 renes
789 1806 952 1866 nutriant̃
952 1806 984 1866 ꝑ
984 1806 1167 1866 capillares
1167 1806 1277 1866 venas
1277 1806 1325 1866 ad
1342 1801 1426 1849 renũ
1426 1801 1607 1849 regionem
1622 1796 1781 1844 deportat̃

532 1868 577 1903 &
587 1877 611 1913 ꝑ
623 1875 730 1914 poros
739 1863 875 1901 vritides
884 1860 1014 1895 reſudat
1025 1862 1061 1893 in
1070 1855 1231 1893 veſicam.

891 1907 1166 1971 Queſtiones
1179 1897 1415 1962 ſuperhoc.

532 1972 600 2022 Hic
600 1972 743 2022 poſſent
751 1968 825 2006 fieri
833 1967 952 2016 alique
952 1967 1120 2016 queftiões
1129 1964 1196 1997 hoc
1204 1960 1333 1996 modo.
1333 1960 1451 1996 Primo
1460 1968 1538 1991 cum
1548 1950 1666 1990 Yſaac
1666 1950 1712 1990 &
1721 1949 1783 1984 alii

533 2024 652 2057 dicunt
661 2020 717 2053 hic
724 2030 758 2064 q
768 2019 866 2051 vrina
874 2016 920 2049 eſt
928 2010 1122 2048 colamentũ
1133 2010 1177 2044 &
1185 2020 1262 2043 cum
1272 2007 1405 2042 colacio
1418 2003 1458 2039 ſit
1468 1999 1618 2037 accidens
1626 1999 1671 2033 &
1681 1997 1783 2030 nullũ

535 2056 691 2113 accidens
691 2056 792 2113 poni
792 2056 922 2113 debeat
922 2056 966 2113 in
966 2056 1164 2113 diffinitiõe
1176 2054 1259 2091 ſicut
1275 2047 1363 2100 dicit
1363 2047 1602 2100 philoſophus
1602 2047 1687 2100 ergo
1703 2043 1784 2077 diffi

537 2117 625 2153 nitio
637 2115 723 2155 male
733 2113 812 2148 data
820 2110 877 2145 eſt.
885 2108 1022 2148 Solutio
1034 2103 1210 2154 dupliciter
1220 2103 1266 2139 eſt
1274 2102 1374 2148 loqui
1381 2099 1423 2132 de
1432 2096 1628 2132 colamento
1639 2092 1692 2126 vel
1702 2092 1741 2125 in
1751 2086 1783 2123 ſe
