1900 2700
260 229 324 286 de
324 229 468 286 vrinis
744 231 824 291 fo.

1252 241 1344 292 XX

144 300 249 362 vrina
249 300 407 362 virtutem
407 300 600 362 ſignificat
600 300 792 362 digeſtiõis:
792 300 839 362 &
839 300 1125 362 appropinquare
1125 300 1173 362 ad
1190 320 1408 364 complemen

144 358 217 383 tum
229 348 289 383 ſui.
298 350 447 390 Albedo
447 350 530 390 vero
541 353 731 389 cruditatem
742 356 783 389 &
795 356 1072 409 groſſitudinem:
1072 356 1121 409 &
1121 356 1310 409 digeſtioni
1325 366 1409 400 abla

141 395 291 450 tionem:
291 395 399 450 quod
399 395 620 450 impoſſibile
620 395 674 450 eſt
674 395 785 450 ſimul
785 395 966 450 coniungi
966 395 1038 450 niſi
1038 395 1141 450 ſcđm
1141 395 1358 451 vicinitatem
1358 396 1410 452 &

140 451 218 474 non
230 440 325 478 ſcđm
335 441 563 490 cõmixtionẽ.
563 441 667 490 Sicut
667 441 809 490 quidam
827 450 952 481 medici
960 451 1065 484 dicũt.
1079 453 1288 499 Aliquando
1288 453 1332 499 in
1350 468 1410 492 cor

140 487 233 532 pore
233 487 455 532 humiditates
455 487 613 532 adunant̃
624 491 727 526 crude
727 491 779 526 de
779 491 925 526 flematis
943 505 1067 542 genere
1067 505 1154 542 quas
1172 503 1309 547 expellit
1324 511 1408 545 natu

139 541 178 565 ra
186 543 260 566 cum
270 532 371 565 rubea
383 533 494 583 vrina:
494 533 643 583 mixtiſqꝫ
652 537 689 569 in
699 535 800 572 ſimul
808 540 906 573 color
914 541 952 573 in
961 540 1091 576 roſeum
1102 548 1226 585 mutat̃.
1226 548 1408 585 Citrinitas

139 578 234 614 vrine
246 576 463 615 ſubtilitatem
475 581 519 616 &
530 582 662 616 leuitatẽ
672 580 751 617 fecis
761 586 857 622 videt̃
875 584 1082 634 ſignificare:
1096 590 1139 626 &
1150 601 1303 627 naturam
1320 596 1407 630 deco

136 634 236 666 quere
244 624 479 676 incipientem.
512 628 672 676 Nigredo
683 631 776 669 vrine
789 630 968 682 ſignificat
968 630 1230 682 groſſitudinem
1242 640 1405 675 humorũ:

136 671 182 703 &
192 669 427 705 incenſionem
438 667 572 711 eorum:
572 667 614 711 &
623 677 805 727 pigriciem
805 677 924 727 nature
942 681 980 716 in
988 681 1150 719 coctione
1160 683 1326 732 ipſorum:
1336 697 1405 736 qua

135 724 272 763 propter
280 727 355 753 non
365 720 622 769 coniunguntur
630 722 667 757 in
676 724 812 759 eodem.

605 836 903 899 Queſtiones.

129 960 207 1011 Hic
207 960 351 1011 queritur
357 965 445 1016 quid
445 965 547 1016 dicat
547 965 826 1016 complexionem
846 969 911 1012 hic
911 969 1006 1012 ſcđm
1022 973 1290 1021 cõmixtionem.
1290 973 1332 1021 Et
1350 974 1400 1022 ꝗd

132 1012 383 1057 complexionẽ
392 1012 485 1051 ſcđm
495 1015 716 1050 vicinitatem.
722 1018 783 1051 Ad
793 1019 859 1052 hoc
868 1020 1026 1054 dicẽdum
1043 1033 1075 1066 q
1086 1021 1282 1068 complexio
1304 1021 1400 1058 ſcđm

129 1060 418 1094 commixtionem
428 1062 581 1108 applicat̃
591 1064 706 1107 quãdo
717 1064 874 1100 humores
883 1066 1072 1100 cõmiſcent̃
1090 1067 1285 1103 adinuicem
1303 1066 1400 1105 ſcđm

127 1101 184 1137 ſui
194 1107 431 1140 conuenientiã
440 1108 478 1139 in
488 1109 722 1153 qualitatibus.
722 1109 764 1153 Et
777 1112 853 1145 talis
862 1109 904 1146 fit
915 1113 951 1146 in
970 1123 1078 1159 epate.
1090 1114 1309 1161 Complexio
1317 1125 1403 1153 vero

127 1147 227 1187 ſcđm
238 1153 446 1186 vicinitatem
456 1154 626 1199 appellat̃:
626 1154 767 1199 quando
779 1157 849 1190 duo
861 1159 1018 1192 humores
1028 1161 1120 1205 prius
1139 1162 1243 1205 ſeꝑati
1264 1160 1398 1194 obuian

127 1202 177 1227 tes
186 1193 410 1231 ſibiinuicem
410 1193 635 1231 cõmiſcentur
642 1201 835 1233 adinuicem
847 1203 1028 1235 obuiando
1039 1205 1300 1240 accidentaliter.
1300 1205 1400 1240 Com

128 1239 281 1273 iniſcent̃
281 1239 383 1273 etiam
393 1241 536 1274 naturali
547 1242 773 1280 cõmixtione.
773 1242 844 1280 Sed
856 1246 915 1279 hec
924 1248 1092 1282 cõmixtio
1102 1250 1147 1282 eſt
1158 1250 1258 1283 etiam
1269 1251 1398 1297 duplex

126 1283 276 1329 quedam
286 1285 342 1318 enĩ
350 1285 396 1317 eſt
405 1286 442 1318 in
453 1294 521 1329 qua
530 1286 625 1319 nulla
635 1289 798 1331 qualitatũ
808 1290 910 1324 habet
918 1290 1014 1325 ſuam
1032 1292 1189 1329 actionẽ.
1189 1292 1232 1329 Et
1247 1296 1313 1332 iſta
1313 1296 1399 1332 com

125 1331 251 1364 mixtio
262 1329 436 1377 poſſibilis
445 1323 490 1363 eſt
500 1331 535 1363 in
550 1333 724 1367 omnibus.
731 1334 815 1368 Alia
825 1336 870 1369 eſt
879 1348 947 1382 qua
957 1348 1058 1386 vtraqꝫ
1069 1341 1213 1384 qualitas
1223 1341 1325 1375 habet
1336 1342 1397 1378 ſuũ

124 1376 252 1410 officiũ
261 1377 313 1410 vel
323 1374 489 1411 effectum
489 1374 547 1411 nõ
547 1374 665 1411 tamen
675 1382 825 1414 omnino
835 1382 1027 1420 intenſum.
1027 1382 1073 1420 Et
1073 1382 1148 1420 hoc
1164 1388 1274 1421 modo
1285 1389 1336 1422 nõ
1350 1391 1398 1424 eſt

127 1420 309 1469 poſſibilis
309 1420 438 1469 mixtio
452 1423 493 1460 in
493 1423 719 1460 humoribus.
719 1423 842 1460 Tercio
860 1429 970 1463 modo
990 1443 1066 1465 cum
1085 1432 1227 1466 miſcent̃
1237 1435 1396 1471 humores

129 1468 216 1514 ꝗ̃ntũ
227 1467 272 1500 ad
281 1468 497 1515 generationẽ
506 1469 629 1501 coloris
638 1471 674 1502 in
684 1472 795 1508 vrina:
795 1472 840 1508 &
852 1473 918 1507 hoc
929 1478 1037 1510 modo
1047 1489 1121 1511 non
1132 1480 1339 1525 ꝑmiſcentur
1347 1483 1395 1518 hu

128 1524 240 1547 mores
251 1524 270 1546 a
280 1522 370 1560 parte
380 1512 549 1561 qualitatũ
549 1512 738 1561 paſſiuarũ:
738 1512 798 1561 ſed
798 1512 981 1561 actiuarũ.
980 1522 1025 1557 Et
1025 1522 1102 1557 hoc
1102 1522 1150 1557 eſt
1165 1528 1246 1570 quia
1263 1529 1394 1574 qualita

126 1557 178 1599 tes
178 1557 296 1599 actiue
296 1557 389 1599 dant
389 1557 557 1599 coIorem.
557 1557 608 1599 Et
608 1557 703 1599 ſcđm
715 1563 784 1598 hoc
784 1563 862 1598 non
874 1566 923 1613 eſt
923 1566 1101 1613 poſſibilis
1111 1572 1232 1605 mixtio
1243 1573 1280 1605 in
1291 1577 1394 1608 omni

126 1606 194 1639 bus
202 1606 422 1642 humoribus.
422 1606 490 1642 Hic
497 1607 561 1640 etiã
571 1609 678 1653 querit̃
686 1607 729 1642 de
737 1612 950 1647 cõmixtione
960 1615 1107 1649 humorũ
1116 1616 1244 1653 vtrum.
1244 1616 1269 1653 ſ.
1276 1618 1334 1652 oẽs
1343 1619 1392 1658 hu

126 1659 236 1688 mores
246 1652 378 1699 poſſint
387 1651 486 1686 ſimul
498 1653 688 1688 adinuicem
707 1659 897 1692 naturaliter
913 1660 1099 1696 cõmiſceri.
1111 1662 1157 1710 Et
1157 1662 1296 1710 videtur
1296 1662 1331 1710 q
1343 1664 1391 1700 ſic

127 1700 303 1745 qualitates
312 1699 367 1733 enĩ
378 1701 414 1733 in
422 1699 589 1734 elimentis
598 1699 674 1736 ſunt
683 1703 720 1735 in
728 1703 866 1739 vltimo:
866 1703 953 1739 ſicut
969 1707 1052 1742 dicit
1066 1710 1238 1744 Galienus
1238 1710 1277 1744 in
1294 1712 1388 1747 libro

127 1745 349 1793 cõplexionũ.
349 1745 400 1793 In
400 1745 511 1793 corꝑe
511 1745 593 1793 vero
604 1748 756 1783 humano
768 1761 842 1785 non
862 1749 939 1786 ſunt
948 1754 984 1786 in
995 1755 1117 1791 vltimo
1128 1757 1192 1790 nec
1192 1757 1232 1790 in
1249 1758 1387 1794 humori

126 1783 195 1821 bus
204 1789 258 1823 ſed
266 1793 428 1826 maiorem
439 1792 568 1843 habent
568 1792 797 1843 repugnantiã
807 1808 909 1844 prout
919 1797 994 1833 ſunt
1003 1802 1039 1833 in
1049 1803 1172 1837 vltimo
1192 1800 1246 1837 ſue
1255 1805 1386 1841 virtutis

128 1837 191 1881 ꝗ̃m
202 1844 303 1881 prout
312 1836 389 1875 ſunt
389 1836 582 1875 confracte:
582 1836 638 1875 ſed
656 1845 776 1876 omnia
791 1845 947 1879 elimenta
961 1846 1107 1898 poſſunt
1107 1846 1182 1898 vere
1196 1849 1385 1896 permiſceri

127 1879 176 1915 ad
192 1879 459 1927 productionem
478 1888 596 1919 mixti:
607 1898 687 1932 ergo
706 1890 815 1922 multo
833 1892 945 1938 magis
962 1891 1118 1927 humores
1135 1904 1294 1941 poterunt
1309 1909 1383 1933 vere

125 1926 330 1961 permiſceri.
337 1926 398 1961 Ad
407 1928 497 1962 idem
505 1941 666 1978 quecunqꝫ
675 1934 720 1969 ex
720 1934 836 1969 eadem
847 1939 989 1986 materia
989 1939 1192 1986 generantur
1207 1943 1243 1975 in
1258 1944 1382 1979 eodem

124 1973 223 2007 loco:
223 1973 280 2007 &
280 1973 326 2007 ab
344 1974 466 2009 eadem
466 1974 585 2009 virtute
602 1987 676 2011 ante
693 1978 786 2015 ſuam
805 1979 1069 2031 ſegregationem
1084 1997 1162 2022 nata
1180 1986 1258 2025 ſunt
1271 1991 1383 2036 permi

127 2017 220 2059 ſecri.
220 2017 291 2059 Sed
298 2019 455 2063 humores
464 2019 541 2058 ſunt
549 2022 746 2065 huiuſmodi
754 2030 835 2076 quia
842 2041 882 2065 ex
890 2031 1007 2069 eadem
1015 2034 1122 2083 maſſa
1129 2035 1327 2083 generantur
1333 2035 1387 2071 &

1245 2127 1287 2166 D
1287 2127 1330 2166 ii
