1900 2700
256 234 315 283 de
330 235 462 284 vrinis
773 241 839 289 fo.

1197 251 1345 303 XXII

137 306 226 341 Alia
235 307 331 342 cauſa
340 309 386 342 eſt
394 310 477 361 quia
486 320 577 345 renes
587 309 667 364 ſunt
667 309 862 364 propinqui
870 319 935 355 viis
943 321 1131 360 vrinalibus
1140 327 1232 364 vnde
1247 332 1409 379 piguedo

136 363 210 388 non
220 352 397 406 permiſcet̃
405 358 444 403 in
444 358 509 403 via
516 369 596 394 cum
607 361 738 407 liquore
747 365 852 399 vrine:
858 364 941 401 ſicut
949 365 992 402 fit
999 381 1076 404 cum
1086 374 1239 421 piguedo
1255 377 1408 415 aliorum

133 400 329 437 membrorũ
338 410 471 439 remota
478 405 524 439 eſt
532 406 622 442 vnde
631 408 787 457 piguedo
797 411 877 445 renũ
886 415 999 461 magis
1007 427 1149 465 apparet
1158 422 1195 455 in
1203 425 1289 461 vria:
1289 425 1348 461 vel
1359 436 1406 472 ꝗa

132 447 250 504 maior
250 447 313 504 eſt:
313 447 373 504 vel
373 447 460 504 quia
460 447 518 504 nõ
518 447 733 504 permiſcetur
733 447 787 504 cũ
787 447 929 504 liquore
929 447 1026 504 vrine
1036 462 1098 510 ꝗ̈m
1116 468 1274 517 piguedo
1293 472 1405 508 aliorũ

128 493 382 532 membrorum.

392 541 468 591 De
478 542 645 610 liquore
656 548 729 597 ſeu
739 549 979 601 ſubſtantia
989 556 1130 610 vrine.

125 646 258 694 Liquor
266 647 320 684 ſeu
331 649 515 688 subſtantia
524 657 620 690 vrine
629 657 666 691 in
675 661 738 696 tria
746 660 892 699 diuidit̃.
892 660 950 699 Eſt
958 668 1014 700 eni
1023 668 1172 714 aquoſus
1184 668 1325 706 ſubtilis.
1331 672 1397 709 Vel

124 694 257 741 groſſus
267 697 313 735 &
313 697 488 735 turbidus:
488 697 560 735 ſiue
568 706 760 750 mediocris.
760 706 885 750 Cauſa
893 723 971 747 vero
991 714 1190 750 diuerſitatis
1206 717 1242 750 in
1262 719 1395 765 liquore

125 741 221 778 vrine
230 743 277 775 eſt
284 741 380 779 actio
390 748 482 781 varia
490 758 603 783 nature
612 752 649 783 in
658 751 737 805 ipſo
747 756 890 800 liquore.
920 760 981 805 qui
990 762 1042 796 vel
1049 761 1099 794 eſt
1105 765 1281 801 naturalis:
1281 765 1332 801 vel
1342 765 1396 799 nõ

125 789 297 822 naturalis.
306 791 477 826 Naturalis
485 795 571 829 inter
584 798 736 850 groſſum
746 802 791 835 &
800 801 970 838 ſubtilem.
982 807 1089 842 Clarũ
1100 809 1145 844 &
1153 809 1331 844 turbidum
1348 812 1397 846 eſt

122 833 319 871 mediocris.
319 833 361 871 Et
369 837 463 884 ſemꝑ
475 842 511 873 in
520 844 669 879 eiuſdem
678 849 850 891 qualitatis
859 859 1098 898 temperamẽto
1108 853 1250 892 cõſiſtit.
1250 853 1318 892 Hic
1334 868 1395 904 per

120 875 312 915 fectionem
321 882 537 922 decoctionis
546 886 722 936 ſignificat
730 903 891 940 ꝑmanere
900 898 938 930 in
947 899 1065 934 eadem
1084 902 1262 947 qualitate.
1262 902 1302 947 Et
1315 903 1392 951 tẽpe

121 935 210 960 ratos
220 929 384 964 monſtrat
392 932 548 968 humores
555 937 619 970 eſſe
627 938 665 971 in
674 941 838 985 qualitate
848 943 893 979 &
903 946 1061 990 ꝗ̃ntitate.
1061 946 1104 990 Et
1119 947 1289 984 leuitatem
1308 953 1389 984 eorũ

120 973 169 1005 ad
177 975 313 1010 naturã.
313 975 354 1010 Et
361 980 523 1024 poteſtatẽ
532 992 646 1018 nature
654 986 699 1018 ad
708 998 767 1025 eos
775 987 934 1034 digerere.
942 992 1029 1028 Non
1041 996 1201 1029 naturalis
1210 996 1340 1031 diuidit̃
1347 998 1385 1032 in

120 1018 210 1067 duo.
210 1018 255 1067 ln
255 1018 438 1067 aquoſum
438 1018 485 1067 &
493 1025 662 1065 ſubtilem.
668 1032 729 1069 Vel
745 1036 897 1082 groſſum
908 1037 953 1073 &
962 1040 1136 1075 turbidum
1150 1066 1158 1074 .
1166 1042 1331 1089 Aquoſus
1341 1044 1389 1080 &

120 1064 253 1100 ſubtilis
261 1069 457 1107 cruditatem
468 1073 642 1123 ſignificat
651 1079 812 1117 humorũ:
812 1079 860 1117 &
876 1084 1114 1131 groſſitudinẽ.
1114 1084 1159 1131 Et
1176 1099 1330 1126 naturam
1344 1093 1388 1140 pi

117 1112 298 1159 gritantem
306 1117 355 1168 eis
355 1117 544 1168 repugnare
553 1123 598 1158 &
607 1136 665 1158 eos
676 1126 727 1158 nõ
737 1129 904 1166 valentem
913 1132 1111 1178 decoquere.
1111 1132 1152 1178 Si
1163 1134 1204 1169 ſit
1214 1135 1290 1174 ſine
1290 1135 1388 1174 febre

116 1159 260 1205 duobus
260 1159 474 1205 monſtratur
474 1159 609 1205 modis.
609 1159 671 1205 Vel
684 1183 725 1205 ex
735 1176 845 1207 nimia
856 1176 1020 1211 ſaturitate
1038 1181 1193 1224 groſſorũ
1211 1183 1331 1218 ciborũ
1342 1185 1388 1221 &

116 1205 266 1237 multorũ
273 1216 392 1241 naturã
400 1214 562 1248 vincẽtiũ:
562 1214 610 1248 &
617 1217 764 1250 calorem
773 1222 959 1254 naturalem
971 1224 1181 1270 cõgelantiũ.
1187 1227 1248 1262 Vel
1257 1240 1297 1261 ex
1313 1232 1388 1266 mul

114 1258 154 1280 ta
162 1258 252 1293 aqua
261 1250 387 1298 frigida
396 1254 508 1288 bibita
511 1258 524 1290 :
524 1258 571 1290 &
581 1258 765 1304 ſepiſſime.
765 1258 864 1304 Sicut
871 1268 1020 1310 patiũtur
1027 1271 1124 1302 hoĩes
1133 1273 1169 1303 in
1179 1272 1334 1318 dyabete.
1345 1279 1387 1313 Si

113 1303 225 1328 autem
233 1307 310 1330 cum
319 1293 409 1332 febre
417 1297 594 1347 ſignificat
602 1305 797 1352 opilationẽ
805 1308 841 1341 in
852 1310 967 1356 gibbo
978 1315 1098 1359 epatis:
1098 1315 1147 1359 &
1157 1322 1281 1356 venarũ
1299 1324 1384 1357 inter

113 1341 199 1387 epar
199 1341 246 1387 &
254 1352 345 1377 renes
353 1347 465 1394 ,ppter
465 1347 599 1394 groſfos
609 1351 764 1387 humores
773 1354 829 1394 ibi
829 1354 969 1394 clauſos
969 1354 1018 1394 &
1033 1361 1234 1400 inuiſcatos.
1234 1361 1276 1400 In
1294 1369 1384 1415 ꝗbus

114 1385 313 1422 diſſoluẽdis
320 1400 439 1425 natura
447 1390 575 1428 deficit.
580 1397 680 1433 Vnde
689 1399 864 1435 Galienus.
869 1403 976 1439 Vrina
993 1407 1107 1452 inquit
1124 1411 1255 1457 aquoſa
1264 1414 1309 1449 &
1318 1414 1383 1450 ſub

116 1432 186 1465 tilis
194 1434 392 1470 cruditatem
402 1436 457 1489 &
457 1436 660 1489 defectionẽ
660 1436 873 1489 demonſtrat
873 1436 1043 1489 actionis.
1043 1436 1084 1489 Et
1093 1456 1165 1494 hoc
1165 1456 1307 1494 duobus
1319 1473 1382 1496 mo

114 1478 182 1511 dis.
214 1481 368 1533 quedam
368 1481 430 1533 enĩ
430 1481 506 1533 exit
506 1481 644 1533 ſubtilis
644 1481 710 1533 ſed
710 1481 759 1533 cũ
759 1481 881 1533 exierit
881 1481 925 1533 in
925 1481 1007 1533 vaſe
1024 1500 1251 1547 ingroſſeſcit.
1251 1500 1295 1547 Et
1313 1519 1380 1555 que

114 1523 196 1561 dam
205 1528 273 1562 exit
281 1527 410 1565 ſubtilis
420 1531 466 1567 &
473 1541 648 1581 permanet
657 1535 803 1580 ſubtilis:
803 1535 842 1580 vt
850 1538 947 1581 infra
947 1538 1111 1581 dicemus.

1435 1024 1602 1070 Aquoſus

1410 1074 1455 1112 &
1466 1063 1600 1111 ſubtilis

584 1634 878 1700 Queſtiones.

112 1726 189 1793 Hic
189 1726 255 1793 aũt
255 1726 404 1793 queritur
404 1726 599 1793 quomodo
599 1726 788 1793 accipiatur
788 1726 850 1793 hic
850 1726 989 1793 liquor.
989 1726 1047 1793 Ad
1065 1754 1132 1788 hoc
1148 1754 1342 1805 dicendum
1342 1754 1377 1805 ꝙ

110 1772 243 1827 duplex
243 1772 291 1827 eſt
291 1772 394 1827 loqui
403 1784 444 1817 de
454 1783 654 1826 ſubftantia.
654 1783 745 1826 Vno
745 1783 802 1826 eni
813 1795 923 1828 modo
935 1796 1026 1832 idem
1044 1801 1091 1833 eſt
1100 1811 1133 1846 ꝙ
1145 1811 1191 1835 res
1208 1803 1267 1851 per
1283 1803 1319 1839 ſe
1319 1803 1377 1839 exi

110 1817 210 1883 ſtens:
210 1817 261 1883 &
261 1817 320 1883 ſic
320 1817 398 1883 non
398 1817 529 1883 accipit̃
529 1817 596 1883 hic
596 1817 716 1883 liquor
716 1817 753 1883 ,p
766 1839 950 1875 ſubſtantia
960 1845 1069 1881 vrine.
1069 1845 1160 1881 Alio
1180 1850 1289 1884 modo
1307 1862 1377 1888 acci

109 1865 166 1910 pit̃
177 1862 362 1903 ſubſtantia
373 1873 464 1911 ſcđm
476 1889 508 1921 ꝙ
519 1880 564 1911 eſt
573 1882 683 1925 paſſio
695 1885 747 1917 vel
758 1883 837 1918 ſitus
846 1889 955 1932 partiũ
966 1890 1002 1923 in
1012 1900 1103 1940 toto:
1103 1900 1169 1940 que
1186 1898 1297 1943 paſſio
1315 1908 1377 1944 par

108 1911 193 1945 tium
205 1915 360 1949 conſiſtit
369 1918 406 1950 in
415 1924 556 1961 raritate:
556 1924 736 1972 denſitare:
739 1931 897 1973 claritate:
897 1931 1115 1973 turbulentia:
1130 1940 1327 1981 ſubtilitate:
1327 1940 1376 1981 &

109 1958 328 2003 groſſitudie:
328 1958 372 2003 &
381 1965 447 1999 hoc
457 1969 565 2001 modo
575 1973 700 2021 accipit̃
708 1975 764 2010 hic
773 1977 885 2024 liquor
893 1991 926 2026 ,p
939 1981 1122 2020 ſubſtantia
1133 1989 1240 2025 vrine.
1240 1989 1286 2025 Et
1296 2003 1376 2024 cum

108 2006 217 2047 querit̃
226 2011 409 2051 quomodo
420 2013 580 2047 differunt
589 2015 706 2056 ſubtile
715 2023 759 2058 &
768 2027 872 2075 clarũ:
872 2027 1024 2075 groſſum
1036 2032 1080 2068 &
1091 2035 1283 2072 turbidum.
1283 2035 1377 2072 Dicẽ

108 2049 191 2084 dum
200 2053 247 2086 eſt
256 2065 289 2100 ꝙ
299 2056 435 2092 differũt
443 2058 527 2095 ſicut
535 2061 678 2110 diſꝑata.
686 2068 815 2104 Subtile
825 2083 880 2106 eni
894 2073 987 2113 ſcđm
1001 2078 1218 2115 Auicennam
1227 2084 1272 2114 eſt
1279 2082 1373 2115 cuius

108 2104 215 2142 partes
225 2098 298 2135 ſunt
305 2105 372 2141 rare
380 2105 425 2144 &
433 2117 506 2143 non
516 2112 724 2159 corpulente.
724 2112 835 2159 Clarũ
846 2130 924 2157 vero
934 2122 980 2156 eſt
987 2126 1079 2161 cuius
1096 2136 1203 2173 partes
1212 2125 1301 2163 viſus
1318 2137 1369 2176 po

1213 2173 1252 2213 D
1270 2174 1322 2211 iiii
