1960 2702
289 241 349 290 de
357 240 494 295 vrinis
784 243 855 293 fo.

1249 248 1348 299 IIII

176 314 285 362 plures
293 316 473 363 particulas
482 322 518 353 vt
527 311 616 350 infra
625 314 798 364 patebitin
812 313 980 362 proceſſu:

345 361 557 409 Particula
565 367 708 414 prima
718 364 779 410 de
791 361 1049 412 diffinitione
1057 366 1196 417 vrine.

779 422 914 469 Yſaac
925 427 970 468 in
983 437 1161 474 tractatu
1172 426 1248 476 ſuo
1261 427 1317 478 de
1328 446 1411 478 vri/

778 482 827 515 nis
836 478 883 516 ſic
890 482 994 530 ponit
998 484 1264 522 diffinitionem.
1270 487 1302 527 ſ.
1302 487 1409 527 Vrina

773 529 824 566 eſt
824 528 1016 565 colamentũ
1028 528 1204 579 ſanguinis
1212 535 1256 569 &
1264 537 1412 572 aliorum

774 575 933 611 humorũ:
933 575 977 611 de
985 586 1102 613 nature
1118 579 1257 624 quidem
1272 577 1412 616 actioni

772 620 834 655 bus
843 622 975 673 natum.
975 622 1197 673 Impoſſibile
1205 625 1260 661 eni
1269 626 1316 663 eſt
1322 631 1357 677 q
1366 628 1409 662 de

773 667 919 717 ſanguie
919 667 1016 717 ſcđm
1026 670 1065 721 q
1082 682 1214 723 oportet
1229 684 1350 727 corpus
1359 685 1409 709 nu

772 716 838 749 triri
846 714 911 751 niſi
920 716 1073 764 devtriſqꝫ
1082 720 1172 766 prius
1180 718 1352 755 coloribus
1363 721 1410 756 &

771 774 790 797 a
807 763 939 801 flemate
939 763 1168 801 mundificet̃:
1168 763 1211 801 &
1222 778 1241 801 a
1252 766 1312 801 ſuo
1330 768 1410 802 cola

770 818 886 843 mento
905 809 1069 858 ſegreget̃:
1069 809 1105 858 q
1115 814 1210 850 vrine
1218 814 1337 858 liquor
1337 814 1411 858 dici

770 864 820 889 tur
834 854 911 907 eſſe:
911 854 962 907 ꝗa
962 854 1065 907 vrina
1065 854 1234 907 liquorem
1253 860 1297 894 &
1308 869 1409 906 yppo

770 900 881 936 ſtaſim
898 902 933 936 in
945 902 976 936 ſe
986 905 1151 951 continet.
1151 905 1282 951 Liquor
1298 915 1408 941 autem

769 944 814 981 eſt
822 947 984 1001 ſanguini
995 951 1091 995 quod
1101 950 1167 985 ſerũ
1178 949 1229 986 eſt
1229 949 1325 986 caſeo
1335 963 1357 997 ꝗ
1368 953 1407 986 in

769 1005 856 1028 renes
872 990 1041 1030 deſcendit
1057 1008 1079 1042 ꝑ
1091 998 1255 1031 maiorem
1265 1007 1406 1034 venam:

767 1041 857 1088 ideſt
857 1041 983 1088 kylim:
983 1041 1049 1088 que
1049 1041 1090 1088 in
1101 1044 1291 1078 iterioribus
1300 1042 1406 1091 ſymis

768 1088 810 1122 &
820 1099 839 1121 a
849 1089 942 1123 venis
950 1089 988 1121 in
997 1086 1105 1126 veſicã
1114 1090 1247 1137 dirigit̃.
1259 1091 1338 1126 Hoc
1346 1091 1405 1124 idẽ

768 1134 879 1170 voluit
890 1135 1107 1181 Theophilus
1118 1137 1177 1173 vbi
1188 1138 1235 1171 ait
1246 1135 1406 1172 Naſcitur

767 1181 867 1219 vrina
867 1181 890 1219 i
890 1181 1030 1219 ramoſa
1030 1181 1127 1219 vena
1127 1181 1213 1219 circa
1229 1182 1324 1227 ſymã
1339 1193 1406 1228 epa

154 1217 195 1249 tis
213 1219 362 1263 expanſa
372 1221 381 1250 i
393 1222 459 1262 qua
469 1222 513 1254 &
524 1219 693 1266 ſanguinẽ
710 1221 835 1258 faciens
845 1226 966 1272 virtus:
966 1226 1051 1272 opus
1060 1226 1119 1261 suũ
1128 1225 1244 1275 ꝑficit.
1244 1225 1274 1275 ſ.
1274 1225 1404 1275 ſangui

152 1270 196 1295 ne
206 1258 372 1298 formato:
372 1258 417 1298 &
426 1262 640 1298 cõturbatiõe
648 1268 685 1298 in
694 1278 736 1299 eo
746 1266 849 1314 facta:
849 1266 1019 1314 quodcũqꝫ
1030 1272 1102 1303 leue
1111 1271 1164 1318 eſt
1164 1271 1337 1318 ſuperiora
1355 1282 1400 1318 pe

152 1309 241 1358 tens:
241 1309 339 1358 quod
339 1309 389 1358 ex
389 1309 506 1358 colera
506 1309 617 1358 rubea
617 1309 796 1358 ſuꝑfluitas
808 1321 925 1346 natum
935 1314 987 1362 eſt
987 1314 1064 1362 eſſe:
1064 1314 1198 1362 accipit
1198 1314 1286 1362 illud
1306 1315 1397 1352 fellis

153 1352 329 1401 ſuſceptrix
338 1355 424 1388 ciſtis
435 1366 492 1403 per
503 1352 561 1389 ſuũ
572 1367 718 1392 meatum
735 1357 849 1405 poſita
857 1368 936 1405 ꝓpe
944 1370 1035 1406 epar.
1048 1363 1196 1396 Terrenũ
1215 1373 1291 1397 autẽ
1298 1364 1344 1399 &
1354 1376 1396 1400 ve

151 1397 208 1435 lut
208 1397 313 1435 fecem
327 1400 504 1448 ſanguinis
515 1402 617 1451 trahit
617 1402 722 1451 ſplen
722 1402 750 1451 ꝑ
764 1404 824 1438 ſuũ
835 1407 963 1453 meatũ.
963 1407 1010 1453 Et
1010 1407 1075 1453 que
1087 1409 1249 1454 relinquit̃
1264 1411 1396 1455 aquoſa

152 1444 336 1492 ſuꝑfluitas
336 1444 413 1492 cum
426 1446 594 1497 ſanguine
594 1446 692 1497 hanc
692 1446 867 1497 accipiunt
876 1462 965 1485 renes
983 1465 1006 1500 ꝑ
1020 1454 1170 1489 medium
1187 1457 1307 1503 kylim:
1307 1457 1395 1503 ideſt

153 1492 299 1537 ꝓfundã
309 1491 408 1542 venã:
408 1491 567 1542 formãtqꝫ
577 1496 661 1530 lllud
680 1498 718 1531 in
726 1499 820 1533 vrine
827 1499 1080 1534 conſtitutionẽ.
1095 1503 1157 1537 His
1168 1502 1316 1549 ſequitur
1316 1502 1393 1549 iam

152 1539 184 1573 ſe
192 1537 366 1573 cõformãs
375 1539 518 1593 Egidius
538 1553 601 1587 que
610 1541 706 1578 dicta
714 1542 790 1578 ſunt
800 1545 840 1578 de
850 1544 1038 1579 diffinitiõe
1049 1548 1141 1583 vrine
1150 1558 1214 1594 atqꝫ
1226 1551 1393 1584 omnibus

151 1586 246 1620 aduc
246 1586 372 1620 dicẽdis
385 1580 425 1620 de
435 1587 539 1623 vrinis
551 1590 684 1640 metrice
684 1590 855 1640 cõpoſuit
855 1590 951 1640 opus
951 1590 1060 1640 valde
1060 1590 1217 1640 notabile
1233 1595 1274 1627 de
1283 1598 1391 1631 vrinis

151 1632 192 1668 Et
200 1630 257 1679 ꝗ̃m
269 1633 380 1678 primũ
390 1632 432 1667 de
439 1634 611 1667 diffinitõe
619 1639 711 1674 vrine
721 1647 743 1683 ꝑ
753 1637 862 1671 verſus
871 1637 1065 1672 immediate
1076 1640 1261 1685 ſequentes.
1261 1640 1302 1685 Et
1310 1639 1390 1676 ſimi

148 1679 222 1714 liter
232 1675 284 1726 ſic
284 1675 521 1726 conſequenter
529 1682 570 1715 de
580 1681 681 1718 oĩbus
691 1684 771 1734 aliis
771 1684 837 1734 que
846 1683 914 1718 dici
924 1683 1058 1733 poſſent
1067 1684 1108 1719 de
1118 1687 1234 1721 vrinis.

149 1785 317 1834 Dicitur
325 1790 450 1837 vrina
470 1794 679 1852 quoniam
700 1793 754 1841 fit
773 1796 953 1842 renibus
971 1804 1075 1845 vna.

148 1849 242 1895 Aut
253 1847 393 1894 aburit
402 1865 523 1914 grece
540 1855 661 1915 quod
675 1856 951 1902 demõſtratio
964 1849 1073 1925 fert̃.

148 1909 242 1955 Aut
252 1922 311 1970 ꝗa
326 1925 388 1970 qđ
400 1915 537 1972 tangit
548 1915 716 1961 mordet
727 1916 903 1964 deſiccat
913 1919 1073 1968 adurit.

1128 1747 1170 1784 In
1196 1749 1260 1785 hiis
1283 1748 1391 1783 tribus

1127 1796 1280 1836 verſibus
1290 1793 1390 1833 dicit

1125 1841 1276 1888 primum
1280 1838 1396 1888 Egidi

1125 1891 1168 1927 us
1173 1889 1310 1929 vrinam
1313 1889 1396 1929 reni

1125 1929 1195 1972 bus
1201 1929 1272 1971 eſſe
1280 1935 1394 1978 vnam

1125 1992 1165 2014 eo
1177 1983 1263 2026 qibi
1275 1980 1389 2015 forma

150 2014 222 2047 liter
230 2017 367 2062 generat̃
377 2017 421 2052 &
430 2017 601 2066 diſcernit̃:
601 2017 636 2066 q
647 2022 720 2056 licet
728 2025 819 2072 prius
829 2026 864 2059 in
875 2034 971 2074 epate
986 2026 1207 2063 ſubſtantiam
1219 2030 1262 2063 &
1271 2029 1388 2061 colorẽ

149 2062 293 2110 accipiat
301 2062 395 2102 ſcđm
412 2064 585 2102 habitum:
585 2064 623 2102 in
632 2070 766 2105 renibus
782 2080 896 2108 tamen
913 2072 1059 2111 ſummit
1059 2072 1099 2111 ea
1113 2074 1208 2115 ſcđm
1217 2072 1329 2115 viſum
1339 2072 1387 2107 &

1229 2122 1264 2153 A
1284 2119 1335 2154 iiii
