1118 1837
224 190 253 224 4

403 185 486 216 DE
538 177 872 214 PICTVRA

247 242 372 283 literis
384 242 568 284 materia,
581 248 656 273 nos
669 229 843 285 legentes
843 229 1031 285 pictores

248 294 526 337 intellexerint.
539 288 640 330 Peto
656 289 778 342 igitur
792 285 922 327 noſtra
941 294 1032 322 non

250 362 295 390 ut
313 362 417 401 puro
437 346 457 386 à
474 338 792 386 Mathematico,
792 338 864 386 ſed
864 338 1012 386 ueluti
1012 338 1033 386 à

250 404 406 458 pictore
422 404 533 440 tantu͂
545 397 687 449 ſcripta
703 400 1031 446 interpretentur.

252 460 351 513 Itaqꝫ
363 456 565 507 principio
577 442 730 500 nouiſſe
730 442 912 500 oportet,
912 442 1031 500 Pun-

252 512 362 551 ctum
376 506 451 559 eſſe
451 506 629 559 ſignum,
641 495 691 553 ut
691 495 751 553 ita
751 495 913 553 loquar,
913 495 1033 553 quod

252 554 419 604 minimè
429 572 472 600 in
483 570 613 613 partes
624 554 744 608 queat
744 554 897 608 diuidi.
898 551 1034 603 Signũ

253 620 327 658 hoc
339 617 430 656 loco
442 613 623 667 appello,
636 599 832 661 quicquid
832 599 883 661 in
883 599 1036 661 ſuperfi

253 676 311 711 cie
328 675 382 710 ita
399 667 501 711 infit,
511 678 554 705 ut
569 663 685 717 poſſit
705 661 823 702 oculo
841 659 1033 710 conſpici:

254 737 346 778 quæ
357 721 453 764 uerò
464 722 663 760 intuitum
666 729 751 755 non
763 715 976 766 recipiunt,
992 723 1036 748 ea

255 791 378 818 nemo
396 778 445 817 ad
458 774 616 828 pictorẽ
633 770 731 809 nihil
750 778 950 821 pertinere
966 777 1033 803 ne-

256 831 336 885 gat.
355 831 464 871 Nam
479 837 525 868 ea
532 827 659 866 ſolum
669 826 815 862 imitari
824 820 953 861 ſtudet
970 820 1036 870 pi-

257 887 361 935 ctor,
371 897 460 937 quæ
469 881 537 921 ſub
545 882 630 919 luce
638 878 861 920 uideantur.
874 871 1037 914 Puncta

258 939 435 993 quidem,
445 935 472 975 ſi
481 937 728 974 continenter
736 933 780 968 in
792 930 934 966 ordine
945 929 1034 964 iun-

259 1005 422 1047 gantur,
434 986 547 1041 lineã
547 986 776 1041 extendent,
790 981 916 1038 Eritqꝫ
928 976 1039 1031 apud

258 1060 334 1087 nos
345 1042 448 1085 linea
459 1042 637 1091 ſignum,
649 1041 759 1078 cuius
769 1035 994 1088 longitudo
999 1030 1038 1070 ſa

257 1092 308 1142 nè
315 1103 358 1139 in
367 1100 506 1148 partes
509 1094 635 1135 diuidi
645 1089 780 1146 poſſit.
780 1089 858 1146 Sed
868 1090 945 1128 erit
954 1083 1039 1146 uſqꝫ

259 1156 359 1195 adeo
372 1151 596 1192 latitudine
616 1144 864 1192 tenuiſsima,
881 1151 930 1181 ut
946 1143 1038 1179 nuſ-

260 1202 380 1260 quàm
392 1203 491 1245 findi
503 1213 646 1256 quæat.
661 1200 879 1240 Linearum
891 1192 976 1236 alia
980 1206 1036 1232 re-

260 1263 336 1303 cta,
346 1261 420 1300 alia
434 1258 546 1298 flexa.
561 1254 691 1295 Recta
700 1255 804 1292 linea
815 1249 868 1290 eſt
877 1248 1040 1302 ſignum

259 1308 280 1355 à
292 1313 446 1368 puncto
458 1309 514 1363 ad
514 1309 713 1363 punctum
730 1304 879 1345 directe
892 1307 937 1342 in
948 1302 1022 1340 lon

260 1381 359 1422 gum
370 1364 615 1420 protenſum.
627 1362 756 1404 Flexa
762 1358 820 1405 eſt
820 1358 913 1405 quæ
923 1355 944 1397 à
953 1365 1041 1402 pun

262 1424 330 1462 cto
341 1422 388 1461 ad
403 1418 598 1474 punctum
610 1429 696 1455 non
709 1413 819 1453 recto
829 1409 973 1465 greſſu,
977 1407 1041 1447 ſed

260 1476 369 1517 facto
377 1473 463 1514 ſinu
472 1472 634 1513 fluxerit.
635 1470 779 1519 Lineę
788 1466 923 1519 plures
932 1460 1043 1516 quaſi

263 1528 329 1571 fila
338 1533 383 1571 in
393 1524 489 1575 tela,
489 1524 516 1575 ſi
524 1523 662 1568 adacta
674 1519 909 1569 cohæreant,
909 1519 1043 1569 ſuper-

82 464 230 502 Punctum.

99 565 225 620 Signum.

124 997 230 1044 Linea.

901 1569 1032 1613 ficiem
