2293 3120
502 262 1100 359 Vom verlohrnen Sohn.
1536 299 1638 341 103
153 333 1470 414 ein verzehrendes Feur / darinnen die Muͤcklein ſich verbrennen : Er hat
158 382 1467 466 ſein Schwerdt gewetzet / und ſeinen Bogen geſpannet / und darauff gelegt
156 433 1463 515 roͤdlche Geſchoß gegen die Suͤnder / ſo boͤſes im Sinn haben / Psalm. II.
153 486 1463 566 Man ſihets etlicher maſſen / an ſchweren groſſen Wettern / wie ſchwer und
160 536 1462 617 schroͤcklich GOttes Zorn ſeye. Das iſt nur ein kleines Bild deſſelben /
160 589 1462 669 und der Menſch weiß dabey nicht wo er hinauß ſoll / wie wird es dann de-
154 636 1464 717 nen ergehen / die ohne Mittler für GOTT kommen wollen? Nun Chriſtus
154 689 1466 773 iſt unſer Gnaden-Stuhl/ welchen I. GOTT ſelbſt neben den Thron ſeiner
154 739 1461 826 Gerechtigkeit geſetzet hat / und ſeinen Zorn daruͤber fahren laͤßst. 2. Iſt es
159 793 1467 873 thronus apertus, ein offentlicher Gnaden-Stuhl / dann GOTT hat
154 845 1469 920 ihn geſetzet oder fuͤrgeſtellet / Rom. 3. Er ſtehet nicht mehr hinter dem
156 896 1471 972 Fuͤrhang und Fuͤrbildern / ſondern wir haben nunmehr alle / nicht nun der
154 946 1469 1027 Hoheprieſter / einen Zugang und Zutritt m Ihm. 3. Iſt er thronus ve-
156 994 1471 1076 tus, ein warhafftiger / nicht eingebildeter falſcher Gnaden-Stuhl / nicht
154 1044 1471 1129 wie die Kaͤlber zu Bethel und Dan. Wir laſſen den Heyden ihre ſtum
158 1097 1470 1184 me Goͤtzen / denen ſie nachlauffen; den Juden ihre Wallfarthen / denen ſie
157 1148 1471 1227 wie eine Camelin in der Brunſt nachlauffen / Jer .2/24. / Den Tuͤrcken
157 1202 1470 1281 ihres Mahomets Grab zu Mecha; Die Papiſten laſſen wir lauffen zum
158 1251 1470 1336 H. Grab / nach Compoſtel / Loretto / Einſidel / ꝛt. Wir bleiben an Chriſto /
158 1300 1470 1380 ſo fehlete es uns nicht. 4. Thronus omniſcius & omnipreæſens, ein
158 1352 1466 1432 all gegenwaͤrtiger und allwiſſender Gnaden- Stuhl / nicht zur zu
159 1403 1477 1487 Samaria / oder Jeruſalem / ſondern allenthalben / wo man Ihn im Geiſt
158 1455 1471 1540 und in der Warheit anbetet / Joh.4. Zwischen GOTT und allen Menſch
160 1504 1470 1584 en / 1. Tim 2. 5. Thronus unicus, in einiger / alleiniger Gnaden-
162 1555 1470 1647 Thron / ſtellen man im Dagon oder einen andern an die Seite / ſo
159 1609 1470 1685 wird er zu Schanden / 1 Sam.4. 6. Thronus mediatorius, tectorius,
167 1657 1470 1736 pla atorius, oratorius, ein Mittler-Schutz-Verſoͤhn-und Bet-
161 1705 1470 1791 Thron / dabey man der Goͤttlichen Fuͤrbitt / Schutzes/ Gnade und Er-
159 1761 1471 1839 hoͤrung gewiß verſichert iſt. Dahin laßt uns nun fliehen / und mit Paulo
170 1810 1470 1889 ſprechen; ich beruffe mich darauff / der iſt uͤber den Kayser.
159 1863 1471 1947 Wann von oben her der Zorn GOttes / inmerhalb das verletzte Gewiſſen
161 1913 1469 1994 wuͤtet / ſo laßt uns dahin ſehen / auff dieſem Thron reichet GOTT ſeinen
158 1964 1470 2045 guͤldenen Abſolutions-Scepter gegen uns / da finden mir den rechten Mitt
174 2017 1470 2098 er und Fuͤrſprech zu dem laßt uns mit der Chriſtlichen Kirchen ruffen:
310 2069 1076 2154 Allein zu der HErꝛ JEſu Christ /
410 2121 1152 2202 Mein Hoffnung ſteht auff Erden /
332 2179 1150 2252 Ich weiß / daß du mein Heyland biſt /
334 2221 1230 2303 Kein Troſt mag mir ſonſt werden /
1363 2281 1492 2369 Und:
