2293 3120
552 261 1141 340 Vom verlohrnen Sohn.
1569 273 1635 337 95
256 349 1486 425 in ſignum Iustitiæ, non in cauſam juſtificationis:  ita confeſſio Sacerdoti /
286 391 1441 469 offertur in ſignuim veniæ acceptæ, on in cauſam remiſſionis accipiendæ.
283 454 1481 563 Laſſet uns unſere Suͤnden recht erkennen / und fuͤr GOTT unſer
166 535 1481 610 Hertz außſchuͤtten / ſo wird uns Gnade wiederfahren. Was iſt wohl die Ur-
167 585 1480 660 sach ſo vieler ſchuͤchtern / erſchrockenen und zaghafften Gemuͤhter / als
166 629 1480 713 vielleicht eben dieſe / weil niemand nicht einmahl redlich beichtet / und ſeine
167 686 1480 763 Suͤnde auffrichtig bekennet. Es gibt Prediger / die mehr auff ihr und der
166 740 1479 823 Zuhoͤrer Meel als ihr Seel ſehen; Obrigkeiten / die den Eigen-Nutz mehr /
167 793 1479 866 als die gemeine Wohlfahrt bedencken. Wer iſt unter uns allen / der ſagen
166 841 1479 915 kan / er habe Gott jemahlen gebeichtet / wie Daniel 6. 9. Ja HErꝛ  /
166 891 1481 967 wir / unſere Koͤnige / unſere Fuͤrſten und unſere Vaͤter muͤſſen
170 944 1481 1021 uns ſchaͤmen / daß wir uns an die verſuͤndiget haben. Sondern
171 992 1481 1072 wir machens alle / wie der ungerechte Haußhalter / und ſchreiben gern fuͤr
170 1046 1482 1121 100. Pfund 50. an / wir reden uns auß/ und verglimpffens ſo gut wir
171 1100 1483 1174 foͤnnen / oder troͤſten uns mit andern Grempeln. Wann man je einmahl
175 1147 1485 1228 recht beichtete/ ſo oͤrffte Gott nicht ſolche ſchroͤckliche Torturen gebrauch
174 1199 1484 1278 en. Sum:a; Si tu  ipſe fueris accuſator, & DEUS liberator, quid erit
179 1246 1487 1326 diabolus niſi calmniator ? ſagt Auguſtin. ſerm, 48. das iſt; Wann
174 1302 1485 1380 du dich ſelber als einen Suͤnder darſtelleſt / und dich GOtt von
181 1347 1488 1432 der Suͤnd erloͤſet / was wird der Teuffel alsdann ſeyn als in
172 1406 1487 1478 Verleumdere ⹊ Nun wolan / der Allerhoͤchſte regiere unſere Hertzen /
173 1450 1490 1533 und oͤffne uns unſern Meund/ daß wir uns nicht ſcheuen noch ſchaͤmen /
179 1507 1376 1591 unſere Suͤnde zu beichten und zu bekennen / ſo wird es recht heiſſen:
341 1589 1176 1693 Der Menſch fuͤr GOtt wohl ſelgiſt /
404 1668 1060 1746 Dem die Suͤnd iſt vergeben /
349 1716 1269 1817 Aiß lauter Gnad durch JEſum Chriſt /
410 1782 1049 1864 Der uns erwarb das Leben /
348 1826 1174 1925 Deckt zu all unſer Miſſethat /
351 1893 1151 1997 Zahlt / was er nicht verſchuldet hat
403 1959 1331 2049 Durch ſein Blut / Tod und Wunden /
638 2068 1063 2167 AMEN.
1394 2313 1509 2391 Die
