2294 3120
643 290 737 403 90
1244 260 1712 373 Die Eilffte Predigt
793 337 2153 455 Perditè vixi, ich habe uͤbel gnug gelebet/ und kunte es nicht aͤrger ma-
797 417 2122 492 chen. Herrach in peccata, patris, ἐνώῶιόν σȣ ſpricht er und fuͤr dir / fuͤr
809 466 2121 542 deinen Augen; wider die andere Taffel / ohne Scheu / ohne Forcht/ ich
809 516 2122 594 habe dir das patrimonium herauß gepocht und mich unter ſtanden dich bey
810 571 2122 645 lebendigem Leib zu erben / habe deinen ſauren Schweiß mit Huren ver-
801 618 2124 700 praßt / manch ſchoͤnes Geld / das da auffgehoben / durchgejagt / ich bin / mit
801 670 2124 747 einem Wort/ ein boͤſer Bub geweßt / da ligt der gantze Plunder fuͤr deinen
803 723 2124 797 Augen. Alſo ſpeyet er eben alles herauß / wie der jenige/ der etwa eine giff-
804 769 2127 865 tige/ unreine / und ſonst ungeſunde Speiße zu ſich genommen / keine Ruh
812 824 1704 908 hat / biß ers alles herauß gewurgt.
905 852 2128 950 II. Haben wir zu mercken Confeſſionis modum, die Art zu beich-
807 926 2137 1000 ten: Er berichtet I. iugenuè, redlich / teutſch herauß/ laͤugnet nichts/ be-
825 978 2128 1053 ſchoͤnet ſeinen Suͤnden-Greuel nicht / verringert oder vergleiſtert nichts /
807 1028 2130 1104 viel weniger legt er die Schuld auff andere. 2. Plenè, er ſchuͤttet ſein gan-
813 1081 2129 1164 tzes Hertz auß/ wie einer der Gifft zu ſich genommen / alles von ſich geben
812 1130 2130 1206 muß / biß daß der gantze Plunder da vor Augen ligt. ραῤῥησιας ικῶς, 3. i 6.
816 1181 2132 1259 freymuͤndig / und ungeſcheut; er ſagt. Vater/ beichtets nicht dem
824 1236 2131 1310 Scharffrichter an der Tortur oder Folter/ in der Schwaͤtz- Schul / da man
818 1289 2135 1362 auch beichtet/ aber je mehr man beichtet/ je ſchwerere Straffe man zu ge-
820 1336 2134 1412 warten hat; Sondern gantz vertraulich / ohne Zwang / ſeinem Vater/ je
821 1390 2136 1465 mehr er da beichtete / je mehrere und groͤſſere Gnad er erlangte. Sonderlich
821 1440 2137 1515 aber 4. humiliter, gantz demuͤtig / dann ohne die Demuth iſt die Beicht
823 1489 2138 1562 keine confeſſio vund Bekantnuß / ſondern profeſſio mali, ein offentlicher
821 1541 2139 1618 Ruhm der Suͤnden. Er ſpricht: Ich bin forthin nicht mehr werth /
823 1592 2141 1668 daß ich dein Sohn heiſſe; halte ich werth der Enterbung / ich habe
821 1645 2140 1723 das Erb- Recht verlohren. Auſſer zweiffel haͤtte er fortgefahren und ſich
822 1693 2140 1773 als einen Tagloͤhner angegeben / wann ihm der Vater nicht in die Rede
824 1745 2138 1823 gefallen waͤre / wie auch der Keyſer Mauritius gethan und geſagt: Juſtus
824 1794 2141 1873 es Domine, &c. HErꝛ d biſt gerecht/ und alle deine Gerichte ſind
824 1851 2142 1924 recht. 5. Apertè, er hat ſeine Bekantnuß offentlich / gleich wie er zu-
824 1900 2142 1975 vor ἐνώῶιον τȣ̃  πατρὸς vor dem Vater gefrevelt/ ſo beichtete er ihm anjetzo
825 1952 2146 2027 unter dem freyen Himmel / wie es dann auch offentlich auffaezeichnet wor-
829 2002 2144 2078 den / daß wir es ihm alle nachthun ſollen. Gleich wie auch David gethan /
827 2057 2143 2129 der seine Suͤnde offentlich ſingen laſſen / und dem Vorſaͤnger zu ſingen
831 2104 2144 2179 uͤbergeben / Pf. 51. Ich erkenne meine Miſſet hat/ an dir allein hab
841 2156 2147 2231 ich geſuͤndiget / und uͤbels fuͤr dir gethan. Paulus I Eim. I. nennet /
842 2209 2145 2281 sich den groͤſten Suͤnder / ſchreyet sich offentlich auß/ er ſeye der fuͤrnem-
844 2259 2147 2338 ſte unter allen Suͤndern / aber mir / ſpricht er / iſt Barmhertzigkeit
1970 2350 2157 2436 wieder-
