2294 3120
1249 264 1629 399 1 DEDICATIO
822 426 2116 479 nauͤtrliche Krafft / unaußſprechlichen Nutzen / und was
817 482 2131 538 der Herzlichkeiten mehr ſeynd. Darzu kommen die Ein¬
817 547 2129 595 gangs-Predigten / von dem verlohrnen Sohn / unter deſſen
817 608 2129 659 amuhtigen Bilde der Greuel der Suͤden / und die Freu¬
823 661 2124 720 de des Himmels uͤber ein bußfertig reuendes Hertz / ſon¬
823 720 2116 776 derlich der Jugend zum Nachricht / abgemahlet wird.
817 774 2121 830 Wuͤrdig und werth/ daß man ſolche in acht nehme / ans
817 832 2116 891 Liecht bringe / und fleiſſig leſe / ſich je mehr und mehr in die¬
825 899 2118 950 ſem Geheimnuͤße zu gruͤnden / zu verwahren / zu erbauen /
825 948 1490 1001 zu troͤſten und auffzurichten.
913 1007 2126 1073 Zwar bey den alten Hebraͤern war es uͤblich / wann ein
824 1059 2130 1132 Rabbi oder Schrifftgelehrter ohne Kinder verſtorben /
820 1125 2123 1185 daß man ſeinen Schluͤſſel / und ſeine Schreib-Tafel mit ihm
827 1185 2120 1237 in einen Sarck gelegt / und begraben: Dergleichen Exem¬
820 1244 2123 1300 pel man in Juͤdiſchen Hiſtorien findet von einem Rabbi /
824 1294 2126 1363 Samuel genant / als der verſtorben / und keinen Sohn
827 1366 2130 1422 hinterlaſſen/ hat man ihme ſeinen Ampts-Ring und uͤbliche
824 1422 2131 1479 Schreib-Tafel mit ins Grab gegeben נאמת נתנו מפתחו
824 1485 2123 1538 ופנקסו בארונו מפני שרא וכה רנז i.e. Poſtquam mortuus eſt,
827 1544 2126 1594 poſuerunt clavem & pugillare ejus loculo ejus eo quod
824 1597 2123 1646 non habuerit filium: das iſt: Nach dem er geſtorben
817 1653 2133 1706 haben ſie ſeinen Schluͤſſel und Schreib- Tafel in
827 1709 2126 1762 ſeinen Sarck gelegt / darum / die weil er keinem
827 1765 2123 1825 Sohn hat hinterlaſſe. Ob nun wol unſer Seliger
834 1828 2130 1881 D. Dannhauer auch keinen leiblichen Sohn hinterlaſſen /
830 1884 2133 1937 wollen mir doch darum ſeine Schluͤſſel und Schreib- Tafel /
827 1937 2136 1999 das iſt / dieſe ſeine Predigten nicht vergraben / daß ſie der
827 2003 2130 2062 Vermeßlchkeit zu theil werden; ſondern behalten zu Nutz
824 2055 2133 2118 und Troſt / und hertzlichem Vergnuͤgen ſeiner geiſtlichen
827 2111 2136 2181 Soͤhne und Toͤchter / deren dieſer Evangeliſche Schrifft
824 2181 2130 2237 gelehrte eine nicht geringe Anzahl durch ſeine Lehr und
827 2237 2136 2296 Schrifften gezeuget / und zu ſeinem unſterblichen Ruhm
824 2293 1229 2352 nach ſich gelaſſen.
1935 2386 2143 2489 Damit
