1285 2062
501 151 697 200 Vorrede.

147 251 236 315 daß
261 262 305 302 er
331 251 413 301 den
445 246 600 308 Sohn
628 242 842 299 GOttes
868 240 1080 306 geſehen?

146 334 242 402 Ach
264 323 388 395 nein!
434 322 578 395 Das
592 317 864 405 Gewiſſen
876 318 976 404 hat
990 319 1082 404 ihn

146 436 243 494 vor
254 421 433 506 ſeinem
446 416 601 493 Ende
618 419 875 501 geplaget,
900 423 964 488 (1.
964 423 1085 488 Cor.

147 527 204 582 15.
204 527 255 582 2.
255 527 379 582 Tim.
397 524 457 593 1.)
489 514 597 598 daß
621 531 675 585 er
697 515 779 585 die
789 510 1085 585 Gemeinde

149 607 412 682 GOttes,
439 612 550 680 und
569 612 646 682 die
665 609 820 695 erſten
841 606 1088 694 Chriſten

152 707 434 792 verfolget:
488 710 744 788 (gleichwie
796 718 950 771 etwan
1002 715 1088 770 den

152 803 573 866 Superintendenten
599 802 836 856 Lobethan
870 806 965 858 das
989 803 1089 860 Ge-

155 875 302 942 wiſſen
327 879 551 944 geplaget,
581 878 672 943 daß
701 891 745 933 er
771 880 818 933 in
842 876 998 944 ſeinem
1014 881 1089 937 Le-

158 953 241 1006 ben
264 949 427 1016 offters
461 952 504 1016 ſo
531 952 822 1019 jach-zornig
855 953 1090 1023 geweſen.)

159 1026 285 1082 Das
312 1025 467 1080 wuͤrde
497 1029 590 1082 das
624 1027 803 1092 Urtheil
832 1027 948 1095 ſeyn,
979 1031 1022 1094 ſo
1046 1045 1092 1087 er

161 1109 254 1153 von
266 1103 361 1153 dem
371 1101 560 1166 Apoſtel
568 1099 723 1155 wuͤrde
736 1102 918 1167 gefaͤllet
928 1104 1093 1167 haben.

164 1174 322 1227 Wenn
346 1176 407 1226 du
432 1175 550 1228 mein
572 1173 729 1240 Buch,
751 1180 844 1232 und
870 1188 980 1234 was
1005 1183 1095 1237 mir

163 1261 318 1315 1704.
351 1260 478 1315 1717.
518 1260 650 1315 1728.
685 1251 823 1316 1736.
859 1252 1098 1321 begegnet,

167 1322 289 1386 wirſt
303 1322 462 1387 geleſen
480 1323 640 1389 haben,
651 1322 695 1390 ſo
713 1325 836 1390 wirſt
848 1326 907 1380 du
925 1329 992 1382 die
1005 1332 1098 1393 Ap-

171 1395 374 1456 plication
619 1405 744 1463 gantz
391 1395 481 1463 auf
481 1395 603 1463 mich
764 1400 892 1466 leicht
914 1403 1101 1469 machen

174 1466 358 1523 koͤnnen.

284 1544 427 1608 Leute,
439 1546 568 1599 deren
584 1545 742 1610 Gunſt
757 1558 867 1601 man
884 1547 1105 1614 verschuͤt-

174 1619 253 1680 tet,
269 1612 316 1681 ja
340 1617 497 1680 offters
524 1621 637 1682 auch
663 1617 706 1681 ſo
733 1632 819 1682 gar
845 1620 1108 1687 diejenigen,

177 1693 247 1749 die
270 1691 382 1755 noch
405 1693 489 1749 alle
514 1691 912 1759 Werthſchaͤtzung
935 1704 1022 1749 vor
1050 1696 1108 1750 ei-

1020 1781 1109 1827 nen
