1287 2063
189 134 235 165 20

391 120 519 169 Wird
532 123 575 167 in
589 121 725 176 ſeinem
742 126 778 169 6.
793 121 930 180 Jahre

193 202 402 254 umbringen
414 202 556 253 wolten,
571 207 642 245 und
658 208 778 244 andere
788 201 974 254 entſetzliche
989 201 1120 249 Larven

192 264 265 302 und
292 257 423 303 Bilder
443 256 559 311 mehr,
579 259 644 299 mit
666 263 769 299 denen
790 258 838 308 ich
858 257 916 309 faſt
937 260 988 300 die
1008 267 1118 311 gantze

192 313 316 366 Nacht
331 312 509 366 gequaͤhlet
528 318 658 364 wurde,
672 313 776 361 deſſen
788 312 837 364 ich
851 312 936 365 mich
957 315 1038 366 noch
1059 314 1125 367 auf

193 374 265 413 eine
280 368 435 413 dunckele
448 369 578 421 Weiſe,
593 374 664 411 und
679 379 745 412 nur
761 371 825 411 wie
838 370 887 412 im
896 368 1052 415 Traume
1069 382 1119 412 er-

192 429 321 477 innere,
342 428 408 467 wie
434 430 469 468 es
491 431 583 467 dann
608 424 692 476 auch
714 436 781 467 nur
802 427 854 466 ein
878 423 1019 470 Traum
1030 434 1117 470 war.

191 481 253 534 Jn
268 483 368 530 dieſer
382 479 485 531 Noth
502 486 571 523 und
587 479 692 531 Angſt
710 481 796 532 fieng
818 479 868 532 ich
890 491 935 522 an
953 490 992 532 zu
1008 480 1118 532 beten,

190 544 262 582 und
278 539 392 580 indem
407 535 456 587 ich
474 535 590 588 betete,
607 536 683 579 kam
705 540 740 578 es
762 537 831 578 mir
842 546 917 587 vor,
937 538 989 577 als
1011 536 1050 578 ob
1071 538 1117 577 ie-

189 598 295 637 mand
312 595 364 635 die
379 592 564 635 bekannten
582 591 711 634 Worte
725 596 789 633 aus
806 597 879 632 dem
901 589 1118 639 Buß-Liede

188 651 255 692 mit
273 647 486 700 beweglicher
504 646 676 692 Stimme
697 646 810 698 ſaͤnge:
844 645 971 691 GOtt
990 646 1059 698 hat
1075 648 1117 690 in

188 702 428 759 ſeiner Hute
444 701 535 751 alle,
552 702 609 746 die
626 711 667 746 er
681 701 751 755 hat
765 697 933 748 erweckt,
950 700 1117 752 erkaufft

188 760 305 810 durch
321 756 487 814 CHriſti
503 756 648 806 Blute,
660 766 728 801 am
737 755 894 809 Creutze
915 756 999 807 hoch
1017 760 1116 800 aus-

188 811 384 868 geſtreckt;
412 812 552 865 welches
567 812 653 864 mich
670 812 803 855 damals
818 815 853 853 in
869 814 995 854 meiner
1003 811 1116 855 Seele

188 870 314 923 auf die
338 868 513 921 kraͤfftigſte
536 868 653 916 Weiſe
675 865 843 919 gestaͤrcket
859 872 927 909 und
943 865 1113 917 erquicket.

186 926 248 971 Es
261 927 331 977 ſind
347 927 427 973 dieſe
442 924 569 968 Worte
584 925 717 966 damals
732 925 762 972 ſo
781 921 855 971 tieff
869 925 905 965 in
927 928 988 965 den
1002 925 1113 965 inner-

187 987 254 1034 ſten
277 980 413 1026 Grund
435 982 563 1022 meines
583 978 744 1032 Hertzens
763 986 968 1030 gedrungen,
987 978 1050 1028 daß
1072 978 1113 1028 ſie

186 1037 269 1088 noch
284 1036 339 1080 bis
353 1035 421 1086 auf
428 1038 507 1082 dieſe
524 1033 676 1079 Stunde
692 1033 762 1085 ihre
776 1037 865 1085 erſte,
880 1040 949 1076 und
961 1032 1112 1077 Seelen-

187 1091 367 1145 staͤrckende
383 1090 500 1140 Krafft
521 1090 688 1140 behalten.
743 1089 827 1133 Und
850 1100 949 1131 wenn
969 1091 1005 1131 in
1027 1090 1109 1130 mei-

185 1159 266 1191 nem
287 1146 393 1193 Leben
408 1147 568 1198 zuweilen
580 1148 630 1187 die
643 1144 901 1196 Anfechtungen
922 1147 971 1186 die
986 1143 1109 1195 hoͤchſte

186 1203 331 1253 Staffel
359 1200 512 1253 erreichet
540 1200 668 1252 haben,
694 1207 764 1242 und
795 1202 830 1240 in
859 1200 977 1251 ſolcher
1004 1198 1106 1249 Noth

185 1258 342 1305 GOttes
367 1256 585 1308 Troͤſtungen
606 1254 686 1297 eben
708 1257 738 1303 ſo
752 1257 847 1306 groß,
868 1255 921 1298 als
939 1265 1040 1305 zuvor
1056 1256 1108 1296 die

183 1314 293 1366 Angſt
304 1314 463 1365 geweſen,
483 1318 553 1354 und
569 1309 688 1356 GOtt
703 1312 754 1352 die
769 1309 899 1360 Freude
922 1315 978 1352 des
993 1309 1107 1362 Heili-

182 1381 247 1422 gen
262 1367 399 1420 Geiſtes
415 1367 701 1417 Strohm-weiſe
723 1368 758 1408 in
780 1368 869 1408 mein
890 1364 1006 1418 Hertze
1022 1369 1106 1406 aus-

181 1426 344 1477 gegoſſen,
362 1426 394 1472 ſo
410 1422 494 1472 habe
508 1416 556 1473 ich
572 1432 633 1463 um
649 1423 701 1462 ein
716 1419 850 1473 leichtes
866 1426 964 1463 unter
979 1426 1106 1462 andern

181 1480 349 1528 Worten,
362 1480 413 1520 die
426 1476 488 1529 ich,
507 1483 581 1518 oder
596 1475 751 1521 GOttes
771 1475 872 1525 Geiſt
894 1474 992 1526 durch
1016 1474 1104 1526 mich

178 1536 306 1578 meiner
320 1533 456 1576 Seelen
468 1536 647 1583 zugeredet,
660 1529 743 1582 auch
757 1530 830 1581 voll
830 1530 1018 1581 lebendiger
1030 1529 1104 1579 Zu-

177 1586 312 1639 verſicht
326 1594 395 1629 und
410 1586 593 1640 Hoffnung
612 1593 667 1628 der
681 1585 854 1637 Seligkeit
867 1574 1101 1636 ausgeruffen:

176 1643 304 1689 GOtt
317 1641 386 1692 hat
403 1642 444 1686 in
460 1640 575 1694 ſeiner
589 1640 701 1696 Hute
718 1639 802 1692 alle,
824 1641 880 1686 die
903 1649 943 1685 er
957 1639 1025 1692 hat
1040 1647 1101 1683 er-

165 1698 284 1744 weckt
297 1706 341 1743 ꝛc.

993 1740 1096 1795 Eben
