1504 1863
656 211 684 247 7

216 251 349 296 ſchwartz
349 251 424 296 oder
424 251 501 296 blau
515 254 575 284 von
592 246 707 292 Farbe/
707 246 779 292 doch
793 249 868 288 uͤmb
884 252 930 288 ein
943 253 1127 295 merckliches

216 294 339 334 ſtaͤrcker
347 301 408 335 und
417 291 524 335 groͤſſer
533 292 584 332 iſt/
584 292 635 332 als
643 298 683 331 die
690 299 840 339 gemeinen
850 296 1062 337 Heuſchrecken
1074 302 1124 340 ha-

216 340 281 373 ben.
325 336 414 372 Sind
429 339 486 377 alſo
500 345 561 374 von
576 338 672 376 GOtt
688 344 781 384 darzu
799 340 952 380 ſonderlich
966 344 1124 384 gewaffnet

216 383 280 416 und
290 380 432 422 geruͤſtet/
432 380 489 422 daß
499 381 536 424 ſie
536 381 598 424 mit
598 381 707 424 ſolchen
716 386 796 427 ihren
805 382 933 432 Zaͤhnen
944 385 1027 424 harte
1042 384 1124 421 Koͤr-

215 432 267 459 ner
273 431 309 467 zu
319 427 463 462 malmen/
463 427 530 462 und
541 427 599 469 gar
599 427 682 469 leicht
694 430 805 471 groſſen
813 429 957 471 Schaden
969 428 1123 469 anrichten

214 466 337 505 koͤnnen.
383 472 449 505 Wie
458 471 534 505 denn
542 470 645 512 ſolches
654 472 727 510 deſto
743 473 828 515 beſſer
838 482 876 517 zu
890 473 1069 514 effectuiren/
1079 475 1121 509 die

212 513 330 553 Natur
332 514 416 553 ihnen
425 516 469 551 ein
477 515 633 557 ſonderlich
639 517 747 559 groſſes
754 520 957 557 receptaculum
966 519 1123 553 verliehen/

212 559 311 591 indem
321 559 361 593 die
369 557 476 600 Speiſe
485 559 572 603 gleich
587 561 677 600 durch
690 566 742 595 den
752 559 896 598 Schlund
909 561 939 593 in
954 564 1036 596 einen
1049 562 1122 596 wei-

212 602 278 646 ten/
278 602 394 646 langen
394 602 507 646 Darm
507 602 610 646 faͤllet/
610 602 638 646 ſo
652 613 681 637 in
690 607 766 638 einer
776 600 892 640 Gleiche
907 602 958 642 biß
958 602 1074 642 hinden
1074 602 1122 642 an

212 644 323 686 reichet.
366 650 436 679 Mox
444 650 459 676 à
467 655 564 675 ventre
570 647 732 676 inteſtinum
739 647 813 676 rectà
820 648 848 675 in
854 646 969 676 caudam
977 648 1054 684 finit,
1063 651 1119 688 quà

212 698 388 721 excrementa
396 689 543 725 emittunt;
553 688 661 718 Ariſtot,
669 685 687 718 I.
694 699 721 723 4.
727 689 794 718 Hiſt.
804 689 899 720 Anim,
908 699 931 719 c.
939 700 963 720 2.

293 735 317 768 §.
341 741 367 768 7.
411 731 470 766 Die
485 730 512 769 ſo
525 735 698 773 genannten
708 729 899 770 Graßhaͤuer
915 730 1030 775 pflegen
1042 732 1120 770 oben

210 779 292 816 gantz
302 772 383 814 gruͤn
390 782 426 816 zu
434 775 522 816 ſeyn/
522 775 593 816 aber
608 778 664 812 mit
679 778 728 811 der
739 775 834 816 Farbe
847 778 895 811 der
904 774 1121 818 Heuſchrecken

209 817 332 857 befindet
346 818 417 859 ſichs
426 824 522 855 etwas
535 824 656 856 anders.
702 820 751 856 Es
761 820 823 859 ſind
831 825 913 863 zwar
920 820 994 862 auch
1001 825 1056 858 mit
1065 829 1122 858 un-

209 867 252 898 ter
263 862 388 904 ſolchen/
387 863 493 904 welche
493 863 549 904 am
560 864 707 906 Haupte/
716 864 805 906 Halſe
821 868 884 900 und
898 864 1008 906 ſonſten
1021 870 1121 902 etwas

208 906 291 946 gruͤn
300 911 378 946 ſeyn/
378 911 419 946 die
428 907 541 944 meiſten
552 910 621 944 aber
629 910 722 947 haben
731 910 841 952 andere
841 910 979 952 Farben/
979 910 1032 952 als
1032 910 1121 952 roͤth-

210 948 297 992 licht/
297 948 495 992 ſchwartzlicht
507 952 545 986 ꝛc.
591 951 827 994 Gleichergeſtalt
837 952 968 991 ſchreibet
979 958 1120 984 Krenzhe-

210 996 287 1031 mius
287 996 415 1031 ( citante
435 999 488 1026 Dn.
498 994 607 1027 Hoffm.
607 994 640 1027 in
651 997 815 1027 chronotaxi
829 996 939 1037 Apocal.
949 998 979 1037 p.
979 998 1055 1037 232. )
1055 998 1119 1037 von

211 1039 265 1071 den
280 1037 491 1080 Heuſchrecken
505 1042 579 1070 Anni
598 1050 666 1080 1542.
674 1042 739 1085 varii
757 1039 833 1071 fuiſſe
847 1041 948 1070 coloris
961 1042 988 1071 &
998 1050 1119 1081 quatuor

210 1082 332 1112 habuiſſe
340 1084 413 1118 alas,
421 1083 456 1123 ſie
464 1084 528 1122 ſeyn
536 1091 605 1118 von
615 1082 819 1124 mancherley
819 1082 950 1124 Farben
958 1083 1119 1124 geweſen/

209 1125 282 1160 und
282 1125 392 1160 haben
406 1133 478 1155 vier
487 1124 607 1164 Fluͤgel
623 1123 762 1161 gehabt.
807 1125 874 1153 Wie
886 1125 963 1154 denn
976 1118 1117 1152 curieuſe

209 1163 296 1200 Leute
306 1171 360 1204 gar
367 1165 496 1201 vielerley
504 1163 597 1196 Arten
607 1167 654 1197 der
665 1161 784 1205 Farben
792 1169 832 1196 an
840 1162 926 1199 ihnen
937 1162 1056 1204 gezehlet
1064 1164 1117 1202 ha-

210 1209 279 1245 ben:
295 1205 350 1246 daß
359 1207 417 1244 alſo
426 1210 466 1242 die
476 1204 687 1248 Heuſchrecken
701 1217 750 1243 ein
764 1205 846 1252 ſolch
855 1203 947 1253 Heer
947 1203 1119 1253 repræſenti-

208 1252 279 1290 ren/
279 1252 422 1290 welches
431 1260 497 1288 aus
507 1252 631 1291 Leuten
644 1261 715 1288 von
730 1249 931 1291 mancherley
941 1251 1118 1289 Nationen

209 1302 279 1331 und
278 1293 468 1340 Libereyen
468 1291 624 1339 beſtehet.
667 1291 761 1331 Doch
761 1291 891 1331 ſcheinen
891 1291 937 1331 die
949 1294 1055 1333 beyden
1071 1306 1119 1339 ge-

209 1331 376 1377 meineſten
373 1337 493 1378 Farben
511 1342 573 1380 gelb
582 1344 644 1375 und
653 1340 752 1372 braun
766 1344 802 1378 zu
815 1337 903 1381 ſeyn/
908 1335 966 1376 alſo/
990 1339 1046 1378 daß
1058 1343 1118 1376 etli-

208 1383 258 1426 che
262 1379 313 1426 am
325 1381 467 1422 Haupte/
467 1381 568 1422 Bruſt
577 1389 638 1420 und
648 1380 723 1416 Leibe
733 1382 792 1422 gelb
808 1385 868 1414 und
877 1387 928 1415 am
937 1380 1068 1421 Bauche
1068 1380 1116 1421 ſil-

207 1423 386 1467 berfarben;
392 1424 484 1463 etliche
498 1429 566 1462 aber
579 1435 630 1463 am
643 1424 769 1462 Bauche
783 1422 961 1466 Leberfarb/
967 1431 1029 1463 und
1045 1427 1119 1467 ſonſt

207 1470 338 1512 ſchwartz
363 1470 530 1508 braunlicht
546 1473 636 1508 ſeyn;
656 1472 754 1505 davon
776 1469 900 1512 hernach
914 1480 957 1507 ein
972 1470 1119 1511 mehrers.

207 1513 272 1549 Die
281 1515 383 1560 Fluͤgel
393 1512 455 1552 ſind
470 1514 521 1550 bey
532 1513 610 1553 allen
616 1511 705 1552 ſchier
719 1512 852 1554 uͤberein/
862 1514 982 1554 nemlich
996 1514 1119 1553 Silber-

207 1558 297 1606 farb/
304 1568 370 1599 oder
381 1554 604 1600 dunckel-weiß/
604 1554 677 1600 oder
689 1555 808 1597 dunckel
812 1558 957 1602 gelbicht:
973 1564 1041 1599 dero
1057 1560 1121 1602 Fel-

1060 1606 1123 1641 der-
