1504 1863
839 199 888 237 44

508 236 542 290 §.
569 248 634 282 77.
663 235 739 279 Wil
748 238 829 279 aber
841 240 877 288 ja
891 244 949 281 der
962 238 1071 289 meiſte
1079 239 1180 289 Theil
1191 242 1283 293 nicht

416 301 460 341 zu
474 292 615 342 Hertzen
630 290 797 339 nehmen/
797 290 880 339 was
899 300 940 339 zu
953 291 1072 336 ſeinem
1085 291 1207 341 Friede
1220 299 1284 336 die-

418 346 504 388 net/
522 341 555 391 ſo
578 345 665 382 wird
697 342 843 391 dennoch
872 340 992 383 GOtt
1011 341 1158 393 heiligen
1179 343 1283 386 Saa-

417 403 496 436 men
516 392 616 443 laſſen
637 390 869 438 uͤberbleiben/
889 399 958 434 und
974 392 1046 442 hier
1063 401 1135 436 und
1155 400 1216 438 dar
1236 404 1282 438 et-

418 452 474 486 wa
488 445 612 492 zehen/
625 442 661 490 ja
674 442 759 491 ſeine
772 444 870 492 fuͤnff
879 442 1049 492 tauſend/
1049 442 1154 492 uͤbrig
1171 449 1285 495 behal-

419 496 515 539 ten/
534 498 629 535 derer
649 493 773 535 Mund
804 498 864 533 der
881 494 1046 543 Epicurer
1068 500 1139 538 und
1164 496 1283 547 ſichern

420 545 561 593 Hertzen
573 544 676 585 Baal
692 544 782 592 nicht
798 543 932 592 kuͤſſen/
944 545 1085 591 ſondern
1100 551 1171 589 dem
1188 548 1285 599 wah-

420 604 483 636 ren
509 593 633 637 GOtt
652 594 804 643 Jſraëlis
832 598 896 636 mit
923 597 1041 637 reinen
1061 596 1198 645 Hertzen
1221 606 1283 642 die-

421 654 513 692 nen/
533 649 602 687 und
625 654 666 695 zu
682 644 769 696 Jhm
790 645 942 697 ſchreyen
964 648 1044 697 Tag
1064 651 1135 688 und
1157 649 1285 699 Nacht.

421 696 516 739 Das
541 700 625 737 wird
652 703 742 738 denn
766 698 847 747 auch
873 699 964 748 nicht
983 699 1165 749 vergeblich
1191 700 1285 750 ſeyn/

420 748 565 798 ſondern
580 752 637 789 der
651 747 761 796 HErr
773 752 860 789 wird
874 748 952 789 uͤmb
973 750 1069 799 ihren
1090 752 1200 792 willen
1224 757 1282 793 der

419 809 521 858 boͤſen
538 808 635 850 Welt
649 817 754 856 gutes
770 800 891 864 thun/
907 800 956 864 ſie
980 802 1071 856 aber
1098 807 1287 865 erretten/

419 870 464 912 in
480 860 584 910 einer
599 857 778 919 Kuͤrtze/
778 857 911 919 Amen.

495 919 529 972 §.
552 931 617 966 78.
663 923 864 975 Schluͤßlich
879 926 937 975 ſoll
950 933 1015 968 das
1031 928 1137 976 aller/
1151 932 1203 971 die
1221 933 1284 972 die-

421 973 475 1023 ſes
495 974 580 1021 leſen
602 980 762 1020 werden/
783 977 836 1025 ihr
858 978 1038 1026 hertzlicher
1054 980 1221 1028 Seuffzer
1241 989 1286 1028 zu

422 1024 544 1064 GOtt
557 1025 630 1063 dem
642 1025 900 1074 barmhertzigen
920 1029 1142 1077 himmliſchen
1166 1028 1283 1072 Vater

421 1072 526 1123 ſeyn/
542 1073 608 1120 daß
627 1082 662 1113 er
683 1074 760 1124 doch
779 1073 840 1124 bey
857 1074 979 1127 Zeiten
995 1082 1057 1118 den
1077 1077 1228 1127 Kriegen
1245 1085 1283 1122 in

420 1125 503 1167 aller
518 1124 613 1167 Welt
631 1125 787 1174 ſteuren/
787 1125 864 1174 und
883 1129 971 1169 allen
993 1127 1190 1180 verkehrten
1214 1137 1284 1174 und

423 1176 746 1225 Blut-triefenden
769 1178 986 1227 Anſchlaͤgen
1007 1181 1144 1229 wehren
1172 1184 1285 1229 wolle/

422 1226 556 1278 damit
566 1231 605 1278 in
616 1227 776 1287 unſerm
785 1227 913 1279 Lande
923 1228 1034 1287 Ehre
1042 1231 1197 1292 wohne/
1207 1237 1284 1294 daß

425 1287 544 1344 Guͤte
555 1292 637 1340 und
647 1291 779 1343 Treue
796 1291 980 1344 einander
995 1294 1200 1359 begegnen/
1200 1294 1285 1359 Ge-

424 1354 645 1415 rechtigkeit
661 1356 742 1405 und
753 1353 888 1414 Friede
904 1353 969 1416 ſich
986 1354 1121 1419 kuͤſſen.
1181 1361 1285 1419 Daß

426 1416 559 1473 Treue
569 1418 649 1480 auf
649 1418 722 1480 der
722 1418 864 1480 Erden
875 1421 1032 1483 wachſe/
1032 1421 1116 1483 vnd
1116 1421 1284 1483 Gerech-

428 1482 562 1550 tigkeit
562 1482 669 1550 vom
669 1482 866 1550 Himmel
866 1482 1014 1550 ſchaue.
1071 1490 1183 1548 Daß
1195 1492 1277 1543 uns

1234 1559 1284 1591 der
