1504 1863
660 209 681 246 3

255 555 344 592 Das
359 555 464 594 walte
476 557 537 594 der
549 555 656 603 groſſe
667 557 736 592 und
752 552 867 598 ſtarcke
882 552 1016 595 GOtt/
1016 552 1078 595 der

298 606 397 643 zwar
410 600 561 642 vielerley
577 601 664 642 Heer
678 598 755 638 hat/
764 599 798 642 ſo
807 599 867 637 Er
880 598 1077 642 ausſendet/

297 651 365 679 uns
381 643 464 678 uͤmb
479 642 603 683 unſerer
617 640 757 680 Suͤnde
771 642 881 676 willen
896 641 1073 685 heimzuſu-

301 685 392 723 chen/
404 681 520 719 iedoch
541 682 625 723 auch
639 691 706 719 aus
726 681 925 723 vaͤterlicher
941 686 1075 723 Barm-

295 723 483 769 hertzigkeit
497 725 559 768 ſein
571 725 720 769 Abſehen
733 726 840 768 dahin
857 727 994 769 richtet/
1009 735 1076 766 uns

299 776 359 810 zur
372 767 513 810 wahren
524 768 627 816 Buſſe
639 779 678 812 zu
693 768 816 815 locken;
832 773 898 808 wie
913 770 972 811 Er
986 775 1073 810 denn

299 813 361 850 der
381 811 612 857 Bußfertigen
627 814 767 859 Hertzen
786 818 840 858 ihr
860 814 973 856 Gebet
986 818 1075 860 nicht

297 854 544 899 verſchmaͤhet/
544 854 628 899 noch
638 859 715 903 ſeine
727 858 823 899 Guͤte
832 870 902 899 von
909 871 975 900 uns
985 873 1075 900 wen-

299 901 382 936 det!
415 900 568 939 Seinem
581 902 724 948 heiligen
738 903 900 945 Nahmen
920 907 969 951 ſey
988 906 1075 950 Ehr

297 942 370 983 und
370 942 457 983 Lob/
457 942 531 983 von
538 955 603 985 nun
611 949 666 994 an/
666 949 726 994 biß
734 945 769 991 in
769 945 963 991 Ewigkeit/
963 945 1086 991 Amen.

627 999 650 1030 §.
693 1005 717 1027 1.

207 1023 390 1291 E

388 1023 431 1073 S
446 1036 499 1072 hat
514 1037 579 1072 dem
595 1035 808 1077 Allerhoͤchſten
819 1034 971 1080 gefallen/
984 1038 1025 1070 im
1042 1035 1116 1071 Mo-

389 1080 446 1115 nat
457 1078 616 1121 Auguſto/
616 1078 706 1121 dieſes
719 1080 888 1117 lauffenden
900 1078 979 1120 1693.
979 1078 1117 1120 Jahres/

391 1119 476 1151 unſer
498 1119 584 1150 Land
603 1119 665 1150 und
687 1119 810 1156 Gegend
829 1122 884 1151 mit
902 1118 1115 1157 Heuſchrecken

378 1150 620 1206 heimzuſuchen.
662 1158 761 1192 Weiln
778 1161 853 1193 denn
868 1159 972 1199 ſolches
981 1163 1023 1194 ein
1032 1167 1116 1206 gantz

387 1194 651 1247 ungewoͤhnliches
668 1200 778 1238 Werck
801 1202 930 1237 GOttes
950 1201 1007 1244 iſt/
1007 1201 1114 1244 davon

374 1238 465 1291 nicht
480 1245 568 1281 allein
581 1248 732 1282 iederman
745 1246 838 1283 redet/
838 1246 960 1283 ſondern
971 1249 1043 1290 auch
1054 1256 1117 1288 von

210 1295 301 1324 vielen
313 1295 360 1322 ein
373 1287 615 1330 ungegruͤndeter
623 1289 724 1333 Zuſatz
732 1288 893 1334 gemachet/
893 1288 1036 1334 hingegen
1046 1296 1117 1334 aber

212 1338 274 1365 von
287 1332 399 1365 andern
413 1335 496 1366 einen
510 1333 699 1375 gruͤndlichen
712 1332 873 1373 Nachricht
889 1341 922 1375 zu
932 1335 1045 1376 haben/
1048 1346 1115 1376 ver-

212 1376 312 1416 langet
324 1374 417 1416 wird;
430 1375 582 1417 hiernechſt
594 1375 666 1414 auch
681 1376 747 1416 dieſe
759 1376 905 1417 Geſchicht
920 1382 1001 1424 wohl
1013 1385 1113 1423 wehrt

212 1419 260 1459 iſt/
269 1415 324 1457 daß
336 1416 370 1458 ſie
384 1417 477 1459 fleißig
496 1420 647 1459 erforſchet
664 1422 727 1454 und
746 1419 916 1460 beſchrieben
933 1431 1048 1467 werde/
1048 1431 1113 1467 das

213 1461 399 1502 Gedaͤchtnis
414 1463 463 1496 der
474 1461 624 1504 goͤttlichen
632 1460 774 1500 Wunder
789 1472 824 1506 zu
835 1467 982 1511 erhalten/
982 1467 1051 1511 und
1062 1476 1113 1510 da-

213 1509 270 1541 mit
290 1506 366 1548 nicht
384 1512 445 1542 nur
465 1507 577 1544 denen/
588 1506 615 1546 ſo
629 1508 719 1550 anitzo
733 1508 834 1551 leben/
841 1512 961 1552 ſondern
975 1516 1049 1556 auch
1063 1521 1112 1555 der

213 1549 375 1594 Nachwelt
381 1552 418 1595 zu
425 1552 544 1594 dienen;
554 1548 693 1596 Zugleich
701 1553 773 1596 auch
781 1557 822 1593 die
829 1556 1042 1602 Erſchrocknen
1051 1567 1114 1598 aus

687 1599 714 1635 A
739 1605 754 1643 2

1036 1605 1115 1644 Got-
