1461 2525
260 224 464 283 maſkopei
480 227 565 275 und
582 228 863 289 gemarſchaft.

976 247 1043 290 771

106 316 146 363 1)
166 320 230 362 das
254 322 439 374 abſterben,
465 325 512 370 2)
536 326 585 364 die
612 321 882 380 aufkuͤndigung,
907 332 1045 378 welches

106 367 138 407 in
156 374 210 413 der
220 373 616 425 geſellſchafs-handelung
635 375 693 423 ſich
709 383 956 431 vorzubehalten
975 392 1044 426 rat-

105 420 173 466 ſam
191 426 258 476 iſt),
284 430 325 474 3)
353 437 449 467 wenn
470 430 520 469 die
534 430 621 478 ſache
642 437 682 476 zu
696 434 821 475 grunde
835 439 946 484 gehet,
970 448 1042 477 con-

105 470 233 527 fiſciret,
258 481 374 519 cediret
397 481 503 529 wird,
525 482 573 528 4)
600 489 694 518 wenn
715 481 779 521 das
801 482 940 537 geſchaͤft
965 493 1043 530 voll-

105 522 233 581 bracht,
249 533 324 572 oder
351 533 395 579 5)
411 533 461 573 die
479 533 538 582 zeit
554 530 714 580 verfloſſen
732 533 781 581 iſt.

500 614 522 656 §
573 615 671 657 4800

175 671 256 716 Die
279 673 479 723 kauf-diner
503 674 633 713 werden
664 667 851 726 anfaͤnglich
872 681 905 722 in
930 687 1034 733 geſell-

101 714 200 769 ſchaft
213 731 424 773 genommen,
435 728 499 766 um
511 719 563 766 die
578 723 680 769 reiſen
692 733 736 774 zu
751 731 827 773 tun.
872 733 1033 781 Hernach

103 768 284 817 bekommen
301 778 341 824 ſie
358 779 447 817 einen
464 778 616 825 geringen
626 779 775 830 gewinſt.
827 781 962 834 Endlich
979 791 1035 833 tei-

103 821 149 867 Ien
166 829 206 879 ſie
227 830 286 869 mit
303 831 361 869 den
379 829 502 878 herren.

1053 688 1108 724 auf
1117 690 1184 726 was
1196 693 1238 728 art

1053 742 1096 776 die
1103 738 1250 778 kauf-diner

1058 790 1134 833 hirzu
1148 794 1224 833 kom-

1056 844 1144 875 men?

494 909 517 952 §
567 914 656 956 4801

175 964 257 1010 Die
273 964 376 1015 kauf-
376 964 448 1015 und
464 966 729 1020 handels-leute,
746 969 912 1021 wechſeler
912 969 958 1021 ꝛc.
974 975 1035 1024 ha-

102 1006 158 1055 ben
176 1019 209 1058 in
223 1021 334 1069 groſen
344 1019 644 1073 handels-ſtaͤdten,
668 1023 748 1071 auch
764 1026 849 1075 wohl
869 1027 914 1067 ire
931 1026 1037 1078 beſon-

103 1059 171 1107 dere
197 1080 280 1122 orte,
304 1073 401 1113 allwo
424 1074 464 1123 ſie
489 1075 675 1124 zuſammen
701 1077 865 1129 kommen,
892 1089 953 1121 von
971 1084 1038 1124 iren

102 1112 550 1174 handels-angelegenheiten
570 1126 629 1176 ſich
654 1131 715 1170 mit
737 1134 890 1174 einander
914 1133 1038 1185 beſpre-

101 1165 184 1220 chen,
208 1177 273 1215 und
290 1178 407 1216 allerlei
422 1179 552 1227 verkehr
566 1182 726 1228 anſtellen.
779 1183 872 1233 Diſe
887 1194 954 1226 orte
969 1191 1037 1229 und

102 1216 189 1273 plaͤze
210 1229 338 1268 werden
362 1228 492 1280 boͤrsen,
515 1233 628 1282 logen,
657 1232 907 1288 wechſel-plaͤze
924 1251 963 1278 ꝛc.
981 1252 1036 1288 ge-

103 1276 223 1327 nennet,
233 1280 417 1319 Ludovici
427 1283 471 1322 im
481 1283 795 1334 kaufmanns-lexico
805 1290 819 1323 I
831 1290 876 1337 ſp.
889 1300 976 1338 1908
985 1294 1034 1342 fg.

1057 986 1115 1017 von
1120 982 1172 1019 den
1176 982 1236 1022 boͤr-

1063 1034 1119 1073 ſen,

188 1379 295 1430 Von
312 1377 381 1427 der
402 1380 950 1447 commiſſions-handelung

472 1470 495 1513 §
546 1475 641 1517 4802

174 1526 254 1571 Die
284 1532 717 1584 commiſſions-handelung
742 1537 799 1587 iſt,
829 1547 925 1580 wenn
948 1551 1029 1591 man

103 1580 152 1611 fuͤr
166 1584 268 1623 andre
281 1584 516 1632 handels-leute
531 1589 590 1628 den
606 1589 724 1637 handel
739 1602 797 1630 um
812 1594 940 1643 gewiſſe
955 1606 1030 1644 pro-

105 1629 196 1670 viſion
214 1637 396 1677 verwaltet.
450 1637 560 1687 Diſer
578 1640 673 1690 heiſet
692 1643 814 1693 factor,
838 1648 1026 1696 commissio-

102 1676 233 1743 narius,
251 1687 507 1740 Marpergers
524 1693 911 1747 kaufmanns-magazin
932 1707 1025 1741 unter

105 1728 194 1775 diſem
216 1747 327 1781 worte.

1051 1560 1115 1593 was
1122 1560 1165 1596 die
1172 1563 1241 1596 com-

1041 1610 1243 1650 miſſions-han-

1050 1663 1148 1700 delung
1160 1662 1217 1701 iſt?

481 1794 503 1842 §
553 1803 644 1843 4803

179 1851 258 1908 Die
280 1860 441 1911 proviſion
465 1860 504 1910 iſt
526 1873 562 1910 1,
586 1872 627 1910 2,
644 1862 724 1911 auch
742 1863 833 1914 mehr
857 1871 933 1906 vom
952 1873 1029 1908 100.

1044 1866 1086 1904 die
1091 1871 1236 1909 proviſion.

548 2170 582 2213 C
588 2180 605 2213 c
613 2180 631 2215 c
652 2182 672 2215 2

922 2170 1026 2229 Acht
