1502 2525
177 207 258 245 von
279 194 356 248 den
374 193 612 255 erbſchaften
634 206 707 244 one
725 196 847 255 lezten
868 195 1012 244 willen.

1036 197 1085 248 65

145 292 292 344 dungen,
319 296 510 345 vaͤterlichen
527 295 755 344 teſtamenten,
791 294 866 333 oder
883 294 961 343 ſonſt
983 292 1082 341 durch

142 348 302 396 geſchenke
341 361 381 388 ꝛc.
415 351 607 398 zugeordnet
643 349 775 386 worden
808 346 875 395 iſt,
910 341 1078 393 begnuͤgen

141 399 258 450 laſſen,
281 396 411 452 Luͤnig
433 410 495 440 von
521 403 576 439 der
593 397 797 438 mittelbaren
816 401 890 438 oder
910 399 1075 448 landſaͤſſi-

141 460 200 498 gen
217 453 407 503 ritterſchaft
425 456 455 493 in
473 450 722 502 Teutſchlande,
738 449 762 498 ſ.
781 453 861 498 1567
879 451 925 499 fg.

532 534 554 575 §
603 540 678 574 3011

1091 582 1136 619 die
1143 582 1283 621 ſchweſter-

1091 623 1149 662 ſoͤne
1164 627 1283 660 gehoͤren

1093 662 1162 696 nicht
1173 664 1240 696 zum

1091 703 1190 733 manns
1201 700 1283 737 ſtam-

1087 737 1139 769 me.

190 579 265 626 Bei
283 583 537 631 kunkel-lehnen,
565 589 616 619 wo
635 583 688 620 der
705 580 916 622 unmittelbar
931 580 997 629 auf
1008 580 1072 620 ein-

139 633 242 673 ander
261 635 406 682 folgende
422 631 681 682 manns-ſtamm
697 634 848 678 erloſchen
862 635 910 683 iſt,
938 635 1005 672 und
1021 633 1070 671 ein

139 682 382 733 ſchweſter-ſon
415 685 473 732 ſich
505 683 678 731 vorfindet,
703 680 834 730 gehoͤret
866 687 961 732 dieſer
996 696 1069 735 zum

140 738 413 789 manns-ſtamme
438 736 494 773 des
517 734 616 782 erſten
647 736 828 775 erwerbers
858 738 940 782 nicht
965 738 1067 785 mehr,

139 785 314 830 Boͤhmer
331 789 374 824 T.
394 787 404 820 I
424 787 455 820 P.
473 788 502 819 II
510 785 652 829 conſult.
669 788 715 829 86
731 796 823 836 num.
841 801 880 836 45
898 790 945 838 fg.
958 791 981 837 ſ.
999 802 1069 838 413,

140 840 270 884 ſondern
294 841 358 880 das
382 837 577 887 kunkel-lehn
596 839 698 888 auſſer
717 835 892 886 Sachſen,
912 829 1070 886 erreichet

139 893 298 943 nunmehr
323 893 403 941 ſeine
427 892 536 941 kraft;
563 892 719 943 hingegen
738 892 770 931 in
787 885 966 940 Sachſen,
991 894 1068 932 oder

140 951 184 981 an
197 954 284 986 orten
302 949 367 988 und
386 947 483 987 enden
501 939 719 995 Saͤchſiſchen
736 943 855 990 rechtes
872 944 904 982 in
921 939 1067 991 ruͤckſicht

141 996 205 1041 auf
222 999 271 1038 die
292 1000 642 1048 ſeiten-verwandten,
663 1001 732 1039 tritt
754 998 802 1037 die
817 997 959 1046 geſamte
975 996 1065 1045 hand

143 1052 216 1090 zum
246 1050 359 1101 behufe
383 1055 437 1092 der
468 1049 691 1100 mitbelehnten
723 1052 793 1099 ein,
826 1050 959 1098 freiherr
987 1058 1067 1086 von

143 1094 389 1152 Senkenberg
413 1105 444 1144 in
473 1105 532 1152 den
567 1106 678 1152 primis
709 1104 798 1139 lineis
827 1106 904 1138 iuris
933 1101 1067 1138 feudalis

142 1146 221 1183 Part.
240 1153 266 1192 II
283 1164 355 1203 cap.
373 1155 416 1203 XI
440 1155 461 1203 §
479 1166 544 1202 302
559 1155 581 1203 ſ.
599 1166 668 1201 337,
693 1153 863 1195 Samuel
880 1153 1006 1202 Stryk
1029 1154 1070 1190 de

136 1196 342 1242 ſucceſſione
360 1213 390 1244 in
415 1207 515 1244 feudo
543 1206 688 1242 maſculis
712 1218 742 1242 et
761 1205 891 1242 feminis
914 1204 1066 1241 conceſſo

142 1253 215 1294 cap.
243 1253 287 1298 III
311 1268 402 1300 num.
428 1260 461 1309 17
491 1260 539 1309 fg.
568 1257 678 1309 Kurz!
702 1257 749 1298 bei
774 1258 832 1297 den
849 1258 995 1305 ſtamm-
995 1258 1067 1305 und

142 1299 371 1361 lehn-guͤtern,
396 1314 481 1353 wird
513 1312 579 1352 eine
602 1311 683 1357 nicht
713 1309 954 1356 unterbrochene
979 1310 1066 1358 folge

145 1350 199 1392 der
218 1365 352 1402 manns-
363 1366 512 1413 perſonen
535 1364 683 1415 erfodert.
740 1362 872 1411 Daher
903 1371 998 1401 wenn
1024 1362 1066 1408 je-

143 1409 243 1447 mand
268 1413 334 1454 eine
356 1416 470 1462 tochter
494 1417 658 1466 verlaͤſſet,
681 1416 730 1455 die
748 1415 837 1455 einen
854 1413 941 1462 ſchon
960 1414 1067 1462 erzilet

143 1453 222 1507 hat,
248 1461 328 1512 diſer
352 1468 459 1508 keinen
489 1463 605 1517 fuͤrzug
630 1469 698 1518 hat.
775 1465 994 1514 Derowegen
1017 1466 1068 1506 die

143 1506 315 1557 freiherren
355 1526 418 1558 von
445 1515 612 1569 Thuͤngen
642 1528 755 1568 wegen
785 1520 848 1560 irer
878 1517 1068 1569 Fuldiſchen

141 1558 250 1606 lehnen
274 1567 480 1618 hergebracht
504 1571 630 1621 haben,
665 1571 729 1618 daß
754 1570 863 1621 biſher
886 1571 960 1618 noch
980 1571 1067 1611 keine

140 1612 265 1666 tochter,
292 1622 365 1661 oder
381 1623 475 1663 deren
493 1624 545 1670 ſon
561 1632 617 1673 zur
635 1624 811 1673 lehnsfolge
826 1627 976 1671 gelanget
992 1623 1042 1668 iſt.

516 1705 539 1745 §
597 1713 678 1747 3012

190 1743 337 1795 Inhalts
352 1750 408 1789 der
423 1748 599 1796 Teutſchen
618 1752 736 1797 rechte,
755 1751 834 1792 leget
851 1745 910 1794 ſich
925 1746 974 1786 bei
991 1746 1064 1787 dem

138 1795 340 1845 ritterſtande
370 1802 436 1838 eine
468 1803 625 1848 dreifache
658 1798 810 1846 erbſchaft
834 1800 907 1838 dar.
958 1800 992 1845 1)
1016 1802 1064 1841 die

139 1847 235 1888 lehn-
265 1849 303 1892 2)
320 1851 369 1888 die
388 1851 534 1897 ſtamm-
534 1851 643 1897 guts-
643 1851 713 1897 und
736 1850 768 1893 3)
784 1849 833 1887 die
849 1852 953 1898 eigen-
969 1854 1066 1898 (allo-

138 1896 249 1943 dial-)
265 1898 437 1946 erbſchaft,
464 1899 577 1943 welche
600 1902 687 1947 wohl
705 1909 767 1940 von
783 1902 935 1945 einander
950 1916 989 1956 zu
1006 1918 1069 1948 un-

138 1949 321 1999 terſcheiden
344 1949 430 1998 ſind;
458 1949 669 1998 abſonderlich
692 1950 736 1993 da
762 1954 841 2002 nach
858 1958 1066 2007 masgebung

139 1998 194 2039 der
209 2000 389 2048 Teutſchen
406 1997 523 2051 rechte,
551 2003 606 2043 der
624 2006 726 2055 vaſall
742 2008 818 2048 oder
833 2001 1067 2061 ſtamms-fol-

137 2059 193 2094 ger
217 2057 262 2096 im
287 2057 392 2106 lehne,
416 2055 489 2094 oder
506 2055 731 2107 ſtamm-gute
748 2061 831 2109 nicht
847 2065 921 2105 dem
936 2067 1067 2115 leztver-

138 2101 311 2161 ſtorbenen,
337 2111 467 2162 ſondern
484 2107 555 2150 dem
573 2111 671 2161 erſten
688 2114 846 2157 erwerber
862 2118 970 2167 folget,
986 2116 1068 2163 auch

1087 1745 1130 1786 die
1143 1745 1266 1788 erbſchaft

1085 1784 1128 1823 bei
1137 1786 1201 1823 dem
1210 1799 1266 1829 adel

1085 1823 1122 1860 iſt
1137 1829 1274 1866 mancher-

1085 1866 1130 1900 lei.

191 2155 219 2196 II
234 2162 313 2207 teil.
691 2164 727 2213 E

1000 2167 1061 2211 der
