1489 2526
368 727 857 848 Vorrede.

91 965 229 1030 Nichts
250 990 359 1038 beſſers
382 994 467 1044 kanſt
483 1002 526 1038 du
539 1009 614 1051 tun,
640 1010 699 1046 das
715 1009 801 1046 deine
815 1009 923 1057 ſpoͤtter
939 1012 1088 1064 ſchmerzt,

165 1049 229 1088 Als
247 1054 326 1102 folge
341 1061 471 1098 meinem
486 1065 577 1113 raht,
603 1075 673 1108 und
681 1072 749 1110 lobe
763 1076 803 1121 ſie
818 1075 955 1126 beherzt;

90 1107 162 1146 Und
184 1123 251 1150 waͤr
271 1120 323 1154 der
336 1128 482 1170 ausgang
497 1125 576 1170 nicht
589 1132 640 1167 der
656 1132 767 1180 abſicht
782 1137 877 1181 gleich
893 1151 929 1186 zu
946 1150 1086 1181 nennen:

167 1170 228 1211 So
243 1177 309 1226 haſt
323 1185 367 1220 du
380 1187 565 1234 wenigſtens
578 1193 677 1238 nichts
687 1196 830 1243 ſchoͤners
849 1213 959 1250 wagen
982 1206 1113 1246 koͤnnen.

863 1276 1012 1320 Gellert
1025 1284 1048 1331 ſ.
1065 1295 1125 1331 144

169 1558 271 1661 D

346 1514 390 1548 en
420 1511 545 1562 herren
579 1517 763 1568 libhabern
792 1532 869 1571 und
893 1531 1048 1578 kennern
1071 1540 1142 1580 des

381 1567 573 1623 Teutſchen
590 1582 819 1628 vaterlandes
837 1587 928 1639 habe
946 1591 996 1642 ich
1013 1595 1068 1634 die
1084 1595 1142 1646 eh-

374 1635 410 1665 re
433 1632 501 1671 den
526 1636 672 1685 zweiten
696 1640 793 1684 band
817 1648 877 1686 der
895 1643 1138 1699 buͤrgerlichen

372 1682 567 1739 Teutſchen
600 1694 922 1753 rechtsgelahrheit,
948 1706 1057 1762 durch
1079 1714 1139 1757 die

369 1745 537 1796 ruͤmliche
569 1749 776 1804 bemuͤhung
813 1760 880 1801 des
913 1761 1021 1816 herrn
1052 1782 1138 1822 pro-

87 1771 216 1841 feſſors
231 1782 503 1855 Hofmanns,
533 1805 658 1854 hirmit
674 1812 898 1870 vorzulegen.
955 1825 1042 1874 Der
1063 1831 1138 1875 kai-

85 1827 135 1880 ſer
152 1842 227 1878 und
243 1847 314 1888 das
331 1851 447 1905 Reich
461 1863 652 1912 geruheten
670 1866 709 1910 in
727 1873 787 1916 der
813 1877 1033 1938 kaiſerlichen
1058 1894 1136 1935 und

86 1887 743 1983 Reichs-kammer-gerichts-ordnung
759 1938 828 1980 den
844 1939 1007 1999 beiſizern
1024 1959 1135 2004 anzu-

85 1949 249 2009 befelen,
280 1963 352 2012 daß
374 1965 419 2018 ſie
434 1970 522 2030 nach
538 1983 767 2047 masgebung
781 1998 842 2041 der
858 2000 1053 2064 Teutſchen
1069 2017 1134 2066 ge-

85 2012 308 2071 wonheiten
322 2016 539 2088 fuͤrnaͤmlich
560 2041 737 2100 ſprechen,
767 2054 875 2112 auch,
907 2062 1048 2116 inhalts
1066 2073 1138 2115 des

84 2066 432 2142 Reichs-abſchides
457 2100 544 2142 vom
560 2102 638 2155 jare
661 2112 758 2166 1654
774 2115 798 2167 §
813 2129 887 2174 137,
913 2123 969 2168 die
985 2120 1140 2179 uͤbrigen

619 2176 646 2207 a
676 2181 703 2211 2

986 2184 1138 2244 gerichte
