1502 2525
192 222 273 262 von
289 212 364 263 den
381 215 621 275 erbſchaften
640 228 715 265 one
731 219 852 279 lezten
870 224 1012 273 willen.

1030 228 1085 283 67

159 302 259 355 Joh.
291 311 403 358 Peter
425 326 501 354 von
526 313 710 366 Ludewig
733 314 772 353 de
797 319 995 367 obligatione
1019 319 1087 359 ſuc-

157 357 289 397 ceſſoris
305 366 337 399 in
356 369 552 416 principatus
568 379 600 403 et
619 367 789 405 clientelas.
828 368 954 419 Zudem
971 376 1086 416 wurde

157 409 216 451 des
233 421 348 456 vaters
362 417 615 468 unbeweglicher
633 418 758 458 erwerb
773 424 839 461 und
855 425 1028 475 eigentum,
1053 428 1086 476 ſo

155 459 231 503 bald
250 472 284 506 es
301 469 365 517 auf
380 471 438 509 den
452 472 506 518 ſon
528 471 599 518 file,
623 469 829 520 ſtamm-gut.
881 475 1017 520 Damit
1040 480 1084 518 ie-

155 512 228 561 doch
241 518 296 557 der
312 518 502 564 Tribonian
519 522 568 560 die
584 519 746 568 oberhand
762 526 843 573 nicht
858 527 993 578 behalte,
1013 531 1081 571 und

152 563 212 606 den
236 569 338 611 hohen
360 576 428 613 und
451 574 598 618 nidrigen
613 574 687 611 adel
701 573 846 622 hirunter
860 579 943 624 nicht
964 582 1080 624 weiter

151 620 322 673 entkraͤfte,
345 626 409 663 wie
434 622 623 664 Griebner
646 626 723 663 und
737 626 966 679 Baſtineller
981 634 1080 673 allbe-

150 676 210 711 reit
231 671 410 717 beobachtet
435 671 564 723 haben;
586 675 616 720 ſo
641 675 677 720 iſt
700 680 845 731 ratſam,
870 683 928 732 ſich
952 688 1010 725 des
1034 686 1078 725 ei-

149 728 248 764 genen
265 727 321 765 des
336 724 553 774 verſtorbenen
571 734 609 775 zu
625 727 798 780 enthalten,
822 734 955 783 welches
972 736 1077 786 iedoch

149 769 196 812 bei
214 777 273 815 den
296 771 414 825 fuͤrſten
431 776 491 816 mit
505 779 561 815 der
576 776 839 833 ſtats-erbſchaft
852 786 934 831 nicht
949 799 988 837 zu
1004 797 1076 830 ver-

148 830 283 873 mengen
308 828 362 877 iſt,
393 827 616 875 Burchardi
641 840 699 871 am
729 842 763 871 a.
798 845 828 872 o.
880 837 977 883 Daß
1001 841 1081 882 aber

148 873 203 917 der
219 879 290 928 ſon,
307 881 368 921 mit
383 882 584 933 weglaſſung
598 884 656 926 des
664 878 855 930 vaͤterlichen
863 887 1076 943 eigentumes,

148 924 193 964 im
218 932 305 973 lehne
329 933 434 983 folgen
458 930 576 984 koͤnne,
601 937 715 986 ſolches
739 936 845 987 haben
863 938 1076 988 Roſenthal

145 981 212 1018 und
227 987 329 1027 andre
345 990 429 1029 beim
445 987 578 1035 Barth
599 989 736 1027 diſſenſu
762 995 796 1027 in
814 1004 904 1037 praxi
920 996 996 1039 460
1012 999 1035 1040 §
1054 1006 1078 1033 2

145 1034 365 1084 angezogenen
383 1043 446 1082 alte
462 1045 528 1083 und
545 1042 630 1095 neue
631 1039 791 1097 civiliſten
799 1045 865 1085 wol
882 1044 1075 1096 eingeſehen.

516 1141 539 1183 §
597 1151 672 1188 3013

194 1178 280 1224 Der
303 1193 407 1236 grund
430 1194 485 1235 der
511 1192 691 1245 Teutſchen
707 1194 846 1244 erbfolge
861 1195 910 1240 bei
929 1200 1002 1240 dem
1021 1198 1077 1248 ho-

144 1224 204 1272 hen
221 1237 284 1274 und
301 1244 430 1285 niedern
447 1247 518 1286 adel
535 1245 628 1297 ruhet
653 1248 726 1288 teils
750 1250 814 1295 auf
827 1251 882 1289 der
910 1252 1083 1302 erhaltung

144 1277 201 1321 des
215 1290 434 1346 geſchlechtes,
460 1296 576 1348 Eſtor
594 1302 635 1335 de
652 1301 873 1350 partitionibus
897 1313 1006 1340 terrar.
1034 1305 1079 1340 ill.

142 1334 165 1382 §
187 1346 245 1388 45,
269 1345 341 1385 teils
369 1349 401 1388 in
419 1348 622 1400 Beſorgung
646 1353 699 1391 der
719 1352 941 1400 erfoderlichen
956 1355 1079 1402 kriges-

140 1379 244 1435 burg-
261 1403 374 1437 amts-
390 1401 511 1451 dinſte;
534 1405 636 1453 daher
651 1406 715 1444 das
731 1404 891 1451 weibliche
913 1407 1079 1454 geſchlecht

139 1442 203 1476 nur
237 1444 282 1483 im
311 1455 441 1498 mangel
469 1459 527 1494 des
559 1456 866 1506 manns-ſtammes
895 1460 1075 1510 zugelaſſen

139 1492 264 1542 wurde,
287 1496 464 1545 Boͤhmer
477 1507 541 1545 vol.
561 1508 573 1539 l
592 1508 625 1543 P.
646 1510 676 1543 II
693 1508 833 1553 conſult.
833 1508 885 1553 86
902 1522 994 1552 num.
1011 1525 1073 1565 47,

141 1537 294 1596 George
309 1551 495 1606 Ludewig
509 1555 706 1602 Boͤhmers
725 1561 806 1609 diſp.
832 1562 870 1599 de
891 1567 1013 1601 iuribus
1032 1577 1076 1601 ex

135 1588 215 1628 ſtatu
238 1599 367 1637 militari
394 1615 456 1640 vet.
480 1609 589 1644 Germ.
614 1611 763 1662 pendent.
787 1615 809 1662 ſ.
842 1623 918 1665 47,
957 1616 1076 1662 mithin

135 1638 253 1687 folgten
275 1651 326 1690 die
350 1655 469 1696 weiber
490 1661 556 1698 und
580 1661 736 1711 geiſtliche
759 1674 822 1703 nur
844 1672 909 1704 aus
932 1667 1075 1714 gnaden,

133 1689 329 1743 Boͤhmers
345 1705 426 1752 diſp.
444 1709 468 1755 ſ.
485 1712 549 1758 63;
575 1711 756 1759 diſemnach
773 1716 823 1752 die
841 1713 937 1758 durch
954 1713 1004 1753 die
1014 1718 1074 1755 all-

131 1751 274 1789 gemeine
296 1755 476 1806 erfahrung
500 1759 652 1806 beſtaͤrkte
672 1766 757 1808 regel
780 1763 896 1812 lehret,
923 1763 990 1813 daß
1016 1768 1073 1811 der

131 1802 389 1847 manns-ſtamm
397 1809 456 1847 den
467 1812 752 1858 weibes-perſonen
769 1813 801 1853 in
810 1815 866 1853 der
877 1815 986 1870 lehns-
986 1815 1072 1870 auch

129 1845 449 1907 ſtamm-guts-folge
449 1845 612 1907 vorgehe,
639 1864 741 1912 wenn
741 1864 847 1912 gleich
871 1869 919 1910 ein
938 1872 1073 1922 unſtrit-

129 1896 230 1945 triges
245 1900 439 1953 kunkel-lehn
458 1911 646 1952 vorhanden
663 1912 711 1961 iſt,
726 1914 833 1977 nichts
833 1914 1072 1977 deſtoweniger

127 1950 214 1989 wird
230 1957 409 2001 vermutet,
435 1957 500 2002 daß
517 1966 553 1998 es
573 1962 775 2012 ſucceſſivum
797 1973 864 2013 und
888 1978 971 2024 nicht
993 1990 1070 2029 pro-

127 2002 283 2052 miſcuum
301 2005 359 2054 ſei,
382 2006 604 2064 Gundlings
624 2020 832 2073 erlaͤuterung
858 2029 914 2070 des
931 2030 1070 2079 berichts

126 2058 237 2103 wegen
261 2056 463 2108 Neuſchatel
478 2064 499 2114 ſ.
516 2066 559 2115 45
575 2067 643 2120 fg.,
671 2072 842 2118 Moͤllers
870 2081 942 2120 vſus
968 2087 1069 2131 pract.

124 2101 257 2148 diſtinct.
273 2110 395 2154 feudal.
411 2114 433 2167 ſ.
447 2118 514 2167 125.
542 2118 678 2172 Geſtalt
694 2129 783 2175 dann
798 2132 881 2183 auch
896 2137 962 2186 diſe
974 2137 1065 2184 lehre

593 2174 627 2221 E
655 2191 672 2214 2

996 2189 1062 2232 mit

1099 1211 1209 1242 worauf
1224 1213 1271 1246 der

1103 1253 1189 1279 grund
1208 1253 1253 1282 der

1105 1285 1250 1324 Teutſchen

1104 1325 1221 1365 erbfolge
1239 1328 1278 1360 be-

1102 1366 1204 1400 ruhet?
